1924 2640
854 217 963 265 (8)

160 320 201 341 eo
236 305 345 352 magis
372 309 514 339 auctam
538 299 760 342 invenimus,
787 309 858 345 quo
884 296 997 345 magis
1024 295 1290 344 descendimus3
1317 307 1369 335 ast
1395 313 1500 337 omne
1523 304 1651 352 corpus

160 367 264 402 lentae
301 361 562 411 refrigerationi
592 359 814 407 expositum,
845 358 946 405 prius
973 357 1208 405 refrigeratur
1235 358 1280 393 ad
1308 358 1386 408 ejus
1407 363 1650 408 superficien15

158 433 194 461 et
220 426 248 459 si
273 436 384 459 massa
410 423 555 469 iugem,
584 418 698 466 qualis
723 424 776 452 est
803 417 928 465 globus
956 418 1130 452 terrestris
1150 430 1170 453 e
1197 419 1317 453 massis
1341 419 1533 455 caloricum
1557 422 1651 457 male

159 481 442 520 conducentibus
472 479 709 526 compositum
739 478 965 525 refrigescat,
998 478 1130 525 poterit
1155 491 1220 525 per
1248 491 1416 526 magnam
1446 480 1650 516 seculorum

157 545 285 579 seriem
311 541 420 589 hujus
451 538 674 586 refrigeratio
703 538 873 573 continue
899 537 1076 572 diminuta
1104 538 1328 582 continuari,
1368 545 1405 573 et
1425 540 1494 574 erit
1521 553 1649 589 super—-

158 605 252 639 ficies
279 601 349 651 jam
376 599 479 635 valde
507 598 657 646 frigida,
690 597 833 645 quando
861 596 1038 645 quidquid
1064 604 1230 633 centrum
1258 598 1474 644 circtmidat‚
1498 600 1537 634 in
1554 607 1649 636 statu

157 660 413 697 candescentiae
438 658 661 694 validissimae
686 656 894 692 adhucdum
920 669 985 704 per
1007 657 1127 693 secula
1150 657 1360 694 versabitur.
1390 659 1455 694 Ille
1473 666 1526 694 est
1542 672 1649 696 verus

157 721 252 770 globi
283 721 394 755 nostri
429 726 540 754 status
566 718 773 753 hodiernus
803 717 962 752 Multum
993 716 1065 766 jam
1094 724 1147 752 est
1183 718 1392 766 refrigerata
1419 718 1497 768 ejus
1520 732 1649 768 super—

158 783 274 825 ficies,
303 780 402 815 Calet
427 778 635 814 adhucdum
658 791 766 826 quam
793 777 949 812 maxime
978 776 1056 825 ejus
1081 784 1259 813 centrum.
1288 778 1357 813 Sed
1376 779 1519 824 merito,
1541 780 1583 815 A.
1603 781 1646 815 O.

156 841 344 890 rogabitis,
373 852 545 887 quorsum
573 839 649 873 haec
681 838 799 872 onmia
829 837 990 872 tendant.

204 899 413 948 Respondeo
427 912 434 933 :
458 899 566 934 unice
582 905 624 933 ut
636 897 907 941 concludanmS,
927 898 1078 946 figuram
1095 897 1297 945 regularem
1309 900 1416 934 statui
1434 899 1544 936 fluido
1559 914 1646 936 ana—

155 964 272 1010 logam
300 968 337 996 et
362 966 613 1008 temperaturae
642 972 707 1007 pro
735 959 982 1007 profunditate
1009 959 1276 993 incrementum
1307 959 1470 1007 inprimis
1500 962 1645 996 omnino

154 1021 312 1056 indicare
327 1048 336 1065 ,
356 1019 502 1068 globum
521 1026 753 1067 terraqueum
770 1032 789 1053 a
803 1025 897 1053 statu
917 1018 1028 1053 fluido
1048 1019 1153 1066 igneo
1169 1017 1267 1054 lente
1288 1032 1353 1067 per
1368 1020 1646 1068 refrigerationis

157 1082 269 1117 varios
298 1080 427 1129 gradus
451 1080 495 1115 ad
520 1079 738 1114 hodiernum
766 1085 1017 1126 temperaturae
1045 1077 1197 1126 gradum
1222 1079 1437 1126 perductum
1467 1080 1588 1116 fuisse.

204 1141 318 1175 Nemo
344 1139 533 1183 Vestrum,
561 1140 604 1174 A.
635 1139 679 1172 O.
703 1139 761 1174 vel
788 1138 999 1174 animalium
1022 1138 1169 1174 exuvias
1191 1138 1249 1174 vel
1276 1139 1531 1187 vegetabilium
1558 1141 1645 1176 reli—

155 1203 256 1250 quias
279 1206 415 1248 quaeret
431 1201 469 1234 in
493 1199 605 1234 massa
627 1199 705 1242 illa,
724 1212 823 1248 quae,
842 1205 1051 1247 postquam,
1069 1199 1097 1233 si
1120 1211 1194 1233 non
1217 1210 1237 1233 e
1260 1205 1355 1234 statu
1375 1201 1495 1245 aereo,
1520 1200 1645 1242 saltem

153 1274 173 1296 e
207 1268 302 1295 statu
331 1260 480 1294 susionis
517 1259 563 1294 ad
595 1259 808 1294 soliditatem
839 1259 1023 1307 pervenit,
1062 1270 1128 1306 per
1164 1258 1324 1294 multum
1350 1260 1520 1308 temporis
1557 1273 1645 1297 can—-

154 1321 240 1357 dens
267 1333 332 1368 per
357 1320 513 1368 spatium
536 1319 758 1356 volvebatur.
790 1318 1002 1367 Crystallina
1025 1318 1158 1363 forma,
1185 1324 1228 1354 ut
1251 1318 1367 1353 solent
1389 1332 1511 1355 massae
1536 1320 1643 1366 fusae,

152 1380 317 1415 coaluere
347 1379 519 1427 grauites‚
551 1379 653 1423 calx,
686 1391 881 1427 omnesque
908 1379 1078 1423 minerae,
1119 1390 1200 1426 quae
1238 1378 1505 1427 primitivarum
1537 1380 1643 1416 titulo

150 1441 325 1484 veniunt,
365 1446 401 1474 et
425 1438 637 1489 jamdudum
668 1446 801 1475 statum
830 1438 985 1474 solidum
1018 1444 1286 1483 contraxerant,
1321 1445 1515 1488 antequam
1541 1441 1645 1489 regni

151 1500 310 1548 organici
353 1498 412 1535 vel
455 1499 604 1534 minima
643 1499 818 1548 particula
867 1501 1019 1534 existere
1064 1500 1194 1548 potuit.
1237 1499 1368 1548 Ingens
1408 1500 1559 1548 proinde
1590 1509 1645 1537 est

150 1560 269 1595 hiatus
296 1560 391 1594 inter
422 1572 571 1594 massam
600 1559 738 1594 telluris
767 1560 817 1595 sic
843 1559 1092 1608 refrigeratam
1113 1560 1249 1607 ipsam,
1284 1565 1393 1607 atque
1416 1559 1511 1595 inter
1535 1567 1642 1597 strata

150 1619 256 1668 longe
278 1626 356 1667 post
379 1620 417 1654 in
438 1619 549 1667 ipsius
573 1619 800 1667 superficiem
823 1619 1000 1667 deposita,
1030 1630 1150 1666 neque
1176 1618 1273 1653 uflus
1299 1624 1353 1652 est
1377 1618 1547 1667 geologiae
1567 1633 1642 1656 non

149 1680 256 1729 plane
280 1681 485 1728 imperitus,
523 1681 586 1728 qui
612 1692 686 1714 non
710 1685 849 1714 montes
882 1679 1082 1727 primitivos
1108 1677 1201 1712 nihil
1232 1678 1389 1725 organici
1417 1679 1640 1715 continentes

150 1740 245 1774 inter
276 1746 312 1775 et
342 1746 481 1774 montes
505 1739 732 1775 secundarios
759 1740 950 1790 utriusque
978 1740 1081 1788 regni
1113 1738 1273 1789 organici
1300 1738 1461 1788 reliquiis
1488 1739 1641 1789 repletos

148 1799 240 1834 bene
269 1800 467 1848 distinguit.

199 1859 439 1895 Continebant
464 1867 585 1896 autem
619 1875 739 1898 massae
767 1863 957 1912 primitivae
987 1860 1161 1911 quicquid
1191 1860 1454 1910 principiorum
1482 1869 1639 1898 remoto-

147 1931 229 1954 rum
248 1920 490 1966 temperatura
513 1923 756 1969 conspirante,
782 1922 1033 1970 requirebatur
1055 1922 1101 1958 ad
1122 1923 1225 1970 regni
1251 1923 1409 1970 organici
1431 1923 1639 1970 compositio

147 1990 242 2014 nem.
273 1979 555 2027 Refrigeratione
588 1982 686 2016 enim
714 1983 922 2018 continuata
946 1996 1093 2031 corpora
1118 1982 1201 2028 illa,
1240 1995 1321 2030 quae
1347 1982 1467 2017 forma
1494 1982 1637 2018 elastica

151 2037 315 2073 tellinem
337 2038 446 2073 densa
475 2040 708 2089 atmosphaera
732 2041 963 2078 involvebant
978 2069 988 2086 ,
1018 2042 1169 2077 calorico
1200 2042 1375 2077 rarefacta
1399 2042 1487 2078 dum
1514 2049 1637 2088 erant,

142 2096 254 2133 fluida
282 2099 320 2132 in
342 2098 480 2134 telluris
506 2101 733 2148 superficiem
755 2113 800 2136 ex
825 2101 1059 2150 atmosphaera
1084 2101 1424 2151 praecipitabantur,
1454 2109 1490 2138 et
1512 2105 1637 2140 oceani

144 2158 246 2206 aquis
272 2158 344 2193 suis
372 2159 619 2207 replebantur.
655 2162 697 2197 In
724 2162 780 2197 his
802 2162 1067 2212 hydrogenium
1095 2169 1132 2197 et
1167 2163 1386 2211 oxygenium
1412 2162 1557 2209 aderat3
1595 2163 1635 2198 in

145 2216 256 2252 solida
281 2217 418 2253 telluris
447 2220 559 2255 massa
590 2220 820 2268 carbonium,
849 2223 946 2270 calx,
977 2224 1046 2259 alia
1073 2222 1303 2259 abundabant
1316 2251 1326 2269 ,
1364 2236 1384 2259 e
1409 2222 1540 2272 quibus
1561 2223 1635 2259 im-

143 2278 268 2326 primis
294 2291 438 2314 omnem
459 2293 650 2330 corporum
671 2284 922 2333 organicorum
951 2296 1162 2333 compagem
1190 2289 1431 2320 constructam
1452 2284 1630 2322 novimus.
