1924 2640
835 251 854 298 (
884 251 926 286 1ss
949 251 967 297 )

156 339 341 373 criterium
356 347 429 372 esse
450 336 624 383 positum,
642 339 678 368 et
693 330 858 380 specialia
874 331 954 366 haee
970 331 1038 366 1100
1054 331 1132 366 1000
1154 331 1364 378 desiderari3
1382 339 1434 369 ast
1452 334 1643 381 sufficient,

155 399 193 432 ni
223 410 332 444 quam
364 395 518 430 maxime
546 392 668 436 fallor,
701 391 747 426 ad
777 393 1035 440 expositionem
1057 393 1231 441 generalis
1257 393 1367 443 hujus
1394 394 1645 440 theorematis7

154 459 293 506 plantas
325 468 446 491 onmes
480 454 613 490 fossiles
643 466 685 488 eo
712 453 824 501 magis
852 467 871 488 a
901 453 1032 502 plantis
1058 453 1241 489 hodiernis
1270 454 1437 489 recedere
1464 456 1645 490 structura

153 518 238 562 sua,
267 530 338 564 quo
366 515 583 562 antiquiores
608 520 710 558 sunt,
740 526 781 548 eo
811 515 923 562 magis
950 521 1072 550 autem
1097 514 1267 549 accedere
1296 514 1339 549 ad
1364 514 1518 549 formam
1539 514 1645 562 plan*

152 585 271 611 tarum
297 577 334 610 in
359 575 577 609 calidissimis
604 574 810 621 regionibus
830 575 1049 620 viventium3
1077 582 1113 609 et
1141 575 1234 609 hanc
1261 574 1386 609 forinae
1411 575 1645 610 variationem

152 638 308 672 indicare
336 636 451 679 idem⁷
480 635 577 683 quod
600 641 636 670 et
657 634 822 682 pluribus
844 634 920 669 aliis
944 635 1191 683 phoenomenis
1214 634 1368 682 physicis
1393 640 1430 668 et
1456 633 1644 682 geologicis

151 698 433 740 demonstratur,
462 696 628 744 generale
651 696 688 730 111
710 694 814 743 globo
837 701 956 729 nostro
977 701 1230 742 temperaturae
1254 694 1538 729 decrementum.

199 758 445 804 Praeterquam
461 755 557 804 quod
567 756 735 804 temporis
743 755 831 790 mihi
845 755 889 790 ad
903 755 1098 791 dicendum
1111 755 1265 790 concessi
1278 755 1451 803 angustiae
1463 761 1642 800 vetarent,

150 830 222 865 quo
250 817 371 850 minus
400 828 477 850 rem
504 815 597 849 hanc
626 816 737 863 magis
765 815 1013 860 enuclearem,
1038 815 1148 863 ipsius
1176 816 1332 851 scientiae
1358 828 1442 850 cum
1470 814 1658 850 botanicae‘

149 885 227 912 tum
248 877 411 925 inprimis
433 876 624 924 geologicae
647 875 798 910 infantia
822 875 914 910 nihil
938 876 1006 910 nisi
1030 876 1209 924 generalia
1233 876 1375 911 adferre
1404 889 1468 911 nos
1497 877 1642 911 sineret.

148 936 406 971 Desiderantur
434 936 506 971 huc
529 948 643 983 usque
668 936 706 969 in
731 934 920 980 Botaniea,
947 935 1071 984 quales
1094 936 1259 984 Zoologia
1285 936 1431 981 habuit,
1456 936 1642 984 Camperi,

150 996 327 1040 Cuvierii,
357 997 420 1043 qui
446 1008 490 1029 ex
513 996 620 1030 unico
644 996 792 1030 minimo
817 1008 892 1030 osse
920 996 1028 1031 totius
1051 996 1214 1031 animalis
1236 1003 1454 1033 structuram
1478 997 1644 1034 evolvere

149 1056 303 1091 docuere
317 1083 325 1099 ,
349 1057 535 1090 anatomiae
560 1062 775 1104 comparatae
803 1057 1043 1104 exquisitioris
1065 1057 1211 1093 inventa
1234 1056 1279 1091 ad
1304 1057 1503 1105 geologiam
1526 1057 1644 1106 adpli-

148 1124 279 1151 cantes.
305 1116 465 1150 Botanici
496 1116 685 1164 hucusque
713 1117 750 1150 in
780 1124 968 1165 systemate
997 1118 1172 1152 artificiali
1201 1118 1418 1165 perficiendo
1445 1119 1553 1152 nimis
1581 1131 1644 1153 oc-

148 1177 286 1224 cupati,
305 1175 350 1210 ad
365 1176 515 1210 unicam
537 1182 678 1210 tantum
697 1183 837 1223 partem
860 1176 1010 1224 plantae,
1037 1176 1160 1211 florem
1182 1177 1385 1222 attendere,
1409 1184 1553 1213 caeteras
1575 1189 1644 1213 ne·-

148 1237 310 1284 glexere3
339 1235 494 1280 radices,
524 1236 661 1280 caules,
692 1236 776 1270 folia
806 1248 878 1270 non
911 1236 979 1270 nisi
1008 1235 1122 1270 obiter
1150 1237 1316 1284 attigere,
1350 1249 1489 1272 nexum
1517 1237 1643 1273 saltem

146 1297 277 1332 horum
306 1297 545 1331 necessarium
582 1309 666 1331 cum
697 1296 835 1330 caeteris
865 1308 938 1330 non
967 1295 1275 1332 demonstravere:
1304 1303 1358 1332 est
1383 1303 1523 1342 autem,
1551 1298 1642 1345 proh

145 1357 263 1392 dolor!
293 1357 512 1391 rarissimum
540 1356 644 1404 quid⁷
676 1356 778 1391 flores
806 1357 970 1393 invenire
1002 1357 1163 1403 fossiles3
1195 1357 1333 1401 caules,
1362 1358 1507 1402 trunci,
1538 1358 1641 1402 folia,

146 1417 291 1452 frondes
314 1418 541 1465 copiosissimi
565 1429 660 1465 saepe
686 1424 900 1461 occurrunt,
925 1419 984 1453 vix
1011 1424 1133 1452 autem
1150 1424 1299 1465 possunt
1320 1417 1365 1452 ad
1378 1417 1531 1453 familias
1553 1431 1643 1454 con—-

144 1477 340 1512 stituendas
362 1478 553 1523 inservire3
582 1489 629 1512 ne
652 1476 697 1511 ad
728 1489 859 1525 genera
885 1477 1032 1527 quidem
1057 1478 1256 1527 detegenda
1276 1478 1408 1515 valent.
1430 1478 1521 1514 Nolo
1542 1478 1640 1529 loqui

146 1537 189 1572 de
212 1537 408 1585 speciebus.

191 1598 418 1645 Spei-andum
447 1605 519 1643 est,
547 1606 590 1634 ut
620 1601 802 1635 exoriatur
832 1601 930 1649 quis,
960 1601 1024 1648 qui
1056 1601 1194 1649 plantas
1223 1600 1405 1635 examinet
1431 1599 1566 1635 fossiles
1596 1599 1640 1635 ad

143 1658 294 1692 eandem
322 1671 506 1703 normam,
536 1659 581 1694 ad
609 1672 718 1707 quam
745 1661 814 1697 viri
842 1661 974 1695 summi
1005 1661 1200 1709 Camperus
1229 1667 1382 1708 uterque
1397 1660 1638 1705 ‚⁴Cuvierius‚

144 1717 276 1766 aliique
305 1731 378 1753 ossa
404 1718 535 1753 fossilia
564 1719 609 1753 ad
638 1732 790 1755 examen
815 1733 988 1757 vocavere
1017 1720 1083 1769 (1).
1113 1721 1287 1757 Novimus
1314 1721 1476 1757 virorum
1504 1720 1638 1755 horum

142 1779 314 1823 inventis,
343 1778 461 1827 qualia
486 1780 651 1814 animalia
673 1787 755 1815 ante
781 1782 996 1816 mutationes
1013 1781 1148 1825 varias,
1171 1794 1259 1829 quas
1281 1780 1404 1815 Tellus
1429 1793 1528 1828 passa
1549 1780 1637 1824 fuit,

140 1840 179 1873 in
197 1839 302 1875 variis
320 1839 543 1887 regionibus,
563 1852 583 1874 e
601 1854 758 1893 quarum
774 1842 877 1876 terris
894 1854 996 1876 nune
1017 1841 1257 1885 effoditmtur,
1276 1842 1454 1886 vixerint3
1474 1840 1523 1875 ibi
1541 1840 1638 1875 enim

142 1900 288 1945 vixere,
316 1900 445 1936 sceleta
478 1902 617 1950 integra
648 1902 889 1948 effodiuntur,
916 1915 990 1937 ossa
1015 1902 1165 1937 minime
1194 1902 1301 1937 undis
1328 1910 1413 1938 simt
1445 1909 1542 1946 aeta,
1576 1900 1638 1936 sed

208 2039 258 2071 (1)
280 2039 366 2064 Paulo
389 2044 451 2073 post
476 2048 559 2074 quam
591 2040 741 2066 orationem
764 2041 834 2066 lianc
859 2040 1047 2075 iuauguralem
1066 2040 1166 2072 habui,
1192 2039 1227 2065 ad
1250 2047 1293 2064 me
1323 2039 1448 2073 pervenit
1476 2038 1509 2064 de
1534 2039 1637 2073 plantis

138 2083 275 2109 fossilibus
293 2085 445 2110 dissertatio
465 2085 616 2119 conscripta
633 2094 648 2110 a
665 2086 727 2111 viro
749 2084 904 2110 doctissimo
927 2085 981 2110 Ad.
1003 2084 1172 2119 Brogniard,
1191 2083 1277 2118 patris
1295 2092 1342 2117 per
1365 2091 1474 2108 omnem
1494 2082 1631 2117 Europam

139 2129 304 2155 celeberrimi
328 2129 386 2155 filio
406 2130 575 2164 dignissimo.
597 2130 781 2160 Promfflunt,
805 2138 864 2163 quoe
887 2129 931 2155 vir
960 2129 1068 2162 juvenis
1087 2128 1207 2164 egregius
1231 2128 1304 2154 facta
1328 2136 1401 2154 nova
1424 2133 1451 2153 et
1476 2133 1635 2162 conspectus

138 2173 255 2209 egregios
276 2174 305 2199 iu
326 2175 513 2200 dissertatione
534 2175 581 2200 illa
600 2175 741 2210 proposuit
758 2183 832 2208 spem
852 2180 974 2200 nostram
993 2183 1050 2200 non
1069 2174 1127 2199 fore
1145 2174 1265 2199 inanem.
1284 2173 1370 2198 Nolui
1386 2178 1476 2198 autem
1493 2173 1528 2198 ad
1546 2173 1635 2198 varios

139 2220 221 2251 hujus
239 2218 435 2245 dissertationis
448 2225 605 2254 conspectus
617 2229 703 2246 novos
714 2219 870 2245 modificare
890 2220 1042 2245 orationem
1053 2219 1125 2245 hanc
1145 2226 1234 2244 meam
1247 2238 1254 2249 ‚
1268 2226 1355 2252 neque
1365 2217 1417 2251 ipsi
1432 2217 1636 2243 accommodare

138 2265 211 2290 faeta
229 2272 289 2298 quae
314 2264 435 2290 continet
451 2273 540 2297 nova,
558 2265 672 2290 minime
692 2265 755 2299 quia
769 2265 909 2299 ignorem,
933 2264 1031 2299 quanti
1050 2263 1182 2290 momenti
1204 2263 1261 2289 haee
1281 2263 1351 2292 sint,
1369 2262 1414 2289 sed
1431 2262 1495 2297 quia
1510 2262 1632 2295 credam,

139 2315 273 2336 oratorem
297 2309 390 2335 debere
408 2317 484 2336 suam
502 2310 610 2345 qualem
628 2310 744 2341 hahuit,
762 2318 819 2336 non
840 2310 958 2336 alienam
979 2310 1009 2336 iu
1030 2310 1116 2336 lucem
1134 2308 1209 2335 edere
1224 2308 1385 2334 orationem.
