1924 2640
853 270 868 315 (
901 271 939 303 ¹3
966 270 984 315 )

172 357 214 392 de
238 356 381 392 historia
408 354 561 390 naturali
585 354 718 401 optime
744 352 892 395 merito,
918 358 954 385 et
980 351 1078 386 vario
1104 350 1304 386 studiorum
1335 363 1465 399 genere
1493 353 1660 387 eminen-

173 417 320 459 tissimo,
351 415 522 462 Campero
552 425 643 447 meo.
677 411 817 446 Dubius
841 417 928 445 tunc
954 411 1122 458 temporis
1150 410 1213 445 diu
1250 410 1353 455 haesi,
1393 423 1437 445 an
1471 411 1660 447 Provincia

172 477 300 524 patria,
337 482 371 509 et
403 472 559 522 jucunda
588 478 640 506 tot
672 472 831 507 xirorum
858 470 1141 505 doctissimorum
1176 470 1420 514 consuetudo,
1459 483 1503 505 an
1539 470 1661 519 Brug-

172 537 328 571 mansius
366 547 482 577 meus,
525 546 595 580 quo
634 532 855 567 familiariter
892 531 1037 575 utebar,
1078 537 1193 565 essent
1231 529 1480 578 relinquendi,
1514 529 1557 564 ab
1586 530 1660 565 una

172 603 271 644 parte
295 607 437 629 mecum
458 593 727 641 recolligebant,
750 592 867 640 qualia
893 599 930 626 et
950 605 1058 639 quam
1084 598 1180 639 grata
1204 590 1321 626 Leidae
1342 597 1510 638 expertus
1534 603 1660 625 essem.

173 658 241 691 Per
268 656 388 703 plures
415 667 524 688 annos
556 653 603 688 ibi
630 652 757 687 studiis
779 651 1030 700 philosophicis
1064 658 1100 686 et
1125 651 1273 685 medicis
1298 663 1442 698 operam
1471 650 1660 695 dederam,

174 716 265 751 duce
292 728 431 763 semper
461 713 585 749 eodem
613 714 772 756 fautore,
795 712 872 748 viro
896 711 1101 755 clarissimo,
1129 710 1386 758 Brugmansio,
1411 708 1661 757 recolligebant

174 778 249 812 haec
282 777 400 811 onmia
436 776 474 809 iu
507 774 623 809 media
659 773 749 808 urbe
778 772 959 815 Leidensi,
989 784 1069 818 quae
1103 783 1160 805 me
1194 770 1364 805 reducem
1396 782 1441 804 ex
1474 769 1663 804 itineribus

174 838 297 881 variis,
328 848 410 884 quae
438 835 494 870 vel
520 842 561 869 ut
590 834 682 869 uiros
709 831 865 867 eruditos
888 832 925 865 in
963 830 1079 864 Gallia
1107 836 1143 864 et
1172 829 1364 864 Germania
1393 828 1576 872 audirem,
1605 828 1663 863 vel

174 905 215 932 ut
258 910 378 932 musea
411 902 671 944 perscrutarer,
714 893 772 929 vel
810 899 852 927 ut
887 893 925 926 in
969 890 1145 925 montium
1188 896 1404 924 structuram
1447 888 1666 936 geologicam

174 958 411 1005 inquirerem,
453 955 623 990 suadente
664 953 789 988 eodem
831 952 1086 1000 Brugmansio,
1122 962 1365 998 susceperam,
1401 956 1584 996 tamquam
1626 950 1665 982 in

175 1024 283 1066 portu
314 1022 507 1063 receperat.
543 1013 721 1049 Suadebat
752 1012 795 1048 ab
828 1012 937 1047 altera
960 1019 1060 1060 parte
1089 1010 1188 1046 urbis
1215 1011 1452 1058 Franequerae
1481 1008 1666 1043 celebritas

177 1077 300 1121 docta,
323 1074 499 1111 arridebat
520 1074 610 1108 mihi
634 1074 747 1108 otium
771 1073 938 1117 doctum,
961 1071 1148 1106 itineribus
1171 1071 1209 1105 in
1232 1071 1345 1106 varias
1367 1070 1528 1118 regiones
1551 1069 1668 1103 inter—-

176 1139 353 1181 mixtum,
377 1136 497 1183 magni
524 1135 696 1169 momenti
718 1134 808 1168 mihi
832 1139 908 1168 erat
931 1132 1158 1181 Brugmansii
1181 1131 1252 1165 mei
1271 1130 1479 1174 auctoritas;
1497 1128 1667 1163 suadebat

178 1204 299 1233 autem
327 1209 436 1244 quam
466 1196 638 1238 maxime,
671 1201 714 1229 ut
745 1194 1010 1240 Franequeram
1043 1198 1223 1240 peterem;
1259 1189 1464 1224 stimulabat
1494 1195 1667 1237 praetcrea

178 1258 410 1294 vehementer
434 1255 548 1291 oblata
577 1255 666 1290 mihi
694 1253 949 1289 humanissime
974 1252 1120 1287 illustris
1145 1250 1311 1298 Camperi
1332 1250 1468 1284 sincera
1493 1248 1667 1292 amicitia,

178 1325 215 1353 et
240 1318 355 1353 musei
382 1316 645 1351 instructissimi
667 1327 733 1363 pro
754 1311 985 1361 mineralogizi
1009 1318 1045 1346 et
1068 1310 1244 1345 anatomia
1271 1308 1472 1357 comparat-21
1496 1320 1580 1343 usus
1604 1307 1670 1342 be-

179 1378 307 1414 nevole
329 1377 485 1422 oblatus3
510 1389 630 1424 neque
648 1375 791 1410 aberam
811 1374 918 1423 plane
942 1387 961 1408 a
984 1372 1130 1421 gloriola
1148 1369 1346 1419 occupandi
1368 1368 1537 1411 eandem,
1562 1380 1672 1416 quam

181 1445 283 1473 antea
305 1438 434 1473 Petrus
463 1437 657 1484 Camperus
672 1463 681 1480 ,
708 1435 763 1471 vir
787 1448 970 1479 summus,
995 1439 1232 1482 occupaverat
1260 1430 1478 1466 cathedram.
1509 1429 1671 1480 Tandem

185 1510 291 1533 omne
320 1496 471 1532 dubium
496 1496 641 1531 tollebat
660 1495 912 1544 Angustissimi
936 1494 1041 1543 Regis
1065 1493 1242 1530 voluntas.

231 1557 433 1592 Commodis
468 1564 589 1592 autem
612 1557 700 1590 meis
722 1556 821 1591 haud
848 1568 976 1603 parum
1006 1553 1169 1589 inserviit
1199 1552 1395 1587 amicorum
1429 1549 1574 1586 consilio
1606 1549 1672 1583 ob-

184 1626 419 1666 temperasse,
462 1617 611 1652 docendi
646 1616 857 1651 methodum
890 1614 1180 1663 qualemcunque
1211 1611 1260 1646 ibi
1294 1610 1468 1654 addidici,
1505 1609 1672 1658 hyemale

184 1686 324 1726 tempus
359 1677 668 1713 lucubrationibus
702 1676 870 1711 chemicis
903 1682 939 1710 et
970 1674 1141 1709 botanicis
1173 1672 1231 1708 vel
1264 1685 1347 1707 cum
1390 1670 1562 1718 Campero
1592 1681 1673 1703 meo

184 1739 338 1773 historiae
361 1737 532 1772 naturalis
552 1736 669 1772 studio
691 1748 821 1772 vovere
842 1734 1015 1778 solebam,
1034 1740 1152 1768 aestate
1170 1732 1291 1768 itineri
1306 1743 1364 1766 me
1388 1728 1672 1772 committebam3

185 1800 277 1834 viros
307 1798 444 1843 doctos,
479 1797 731 1845 Brugmansio‚
767 1795 958 1843 Campero,
996 1793 1085 1828 mihi
1127 1794 1256 1828 amicos
1286 1791 1428 1827 Parisiis
1448 1818 1457 1835 ,
1500 1789 1673 1834 Londini,

185 1859 267 1894 alibi
296 1857 492 1895 visitabam.
523 1877 572 1885 —
600 1856 669 1892 Sed
690 1858 794 1905 poeta
817 1854 889 1904 jam
913 1854 1064 1888 cecinit:

544 1927 659 1960 Subito
679 1939 756 1960 casu
778 1938 847 1972 quae
870 1925 1005 1958 valuere
1024 1930 1130 1957 ruunt.

186 1996 239 2031 Ad
258 1995 401 2031 culmen
419 2001 584 2031 votorum
603 2006 835 2038 accesseram,
851 1999 972 2028 mente
985 1990 1149 2029 volvebat
1159 1989 1225 2025 Vir
1242 2001 1403 2025 summus
1414 1987 1673 2036 Brugmansius

185 2068 302 2103 neque
337 2055 429 2091 illud
458 2055 547 2090 mihi
578 2053 851 2099 celabat,*Viris
879 2052 1077 2088 illustribus
1105 2050 1305 2086 Academiae
1331 2048 1509 2097 Lugduno
1532 2047 1676 2082 Batavae

188 2116 417 2151 (juratoribus
439 2128 497 2150 me
524 2129 631 2150 suum
656 2114 872 2163 discipulum
896 2124 1115 2162 proponere,
1140 2118 1182 2146 ut
1207 2110 1269 2158 qui
1293 2109 1422 2157 dignus
1447 2107 1490 2142 ab
1516 2120 1557 2142 eo
1579 2105 1678 2156 judi—

188 2189 304 2220 carer,
334 2183 376 2211 ut
402 2177 468 2224 ipsi
493 2175 708 2225 adjungerer
732 2182 769 2210 et
795 2175 862 2222 ipsi
890 2173 1138 2216 succederem,
1163 2170 1325 2219 inprimis
1352 2167 1450 2217 quod
1479 2167 1675 2201 chemieam

187 2236 411 2285 professionis
449 2236 525 2286 ejus
558 2242 698 2285 partem
736 2241 922 2284 spectaret.
961 2233 1177 2269 Laetissimus
1214 2229 1414 2279 Anglorum
1449 2225 1675 2276 Metropolim

186 2295 375 2344 petebam,
409 2302 451 2331 ut
484 2297 681 2344 praesertim
715 2295 889 2330 hodierno
926 2293 1081 2329 scientiae
1112 2291 1221 2327 statui
1265 2289 1429 2338 adaptata
1462 2286 1677 2335 inspicerem

186 2357 395 2392 labomtoria
421 2357 579 2392 chemica
594 2385 604 2403 ,
632 2369 794 2405 sperans,
824 2365 1050 2404 quaecunque
1079 2351 1320 2394 observarem,
1345 2346 1582 2397 Brugmansio
1607 2344 1678 2380 ad-

185 2419 296 2463 ferre,
325 2417 388 2466 qui
420 2417 464 2452 de
497 2430 589 2455 novo
615 2416 826 2453 laboratorio
843 2412 1089 2451 ²construendo
1114 2418 1202 2447 tunc
1230 2405 1398 2457 temporis
1423 2404 1674 2443 meditabatur.
