1924 2640
918 281 1051 330 (17)

235 361 360 410 plena,
393 360 633 410 apophysibus
657 362 729 397 suis
761 362 954 408 instructa,
984 365 1151 400 novimus
1174 367 1292 401 omnia
1320 367 1379 402 illa
1409 380 1483 404 esse
1509 369 1659 405 climatis
1685 385 1725 407 eo

235 421 429 466 calidioris,
459 435 530 470 quo
556 422 773 470 profundius
803 422 940 470 sepulta
966 422 1096 472 jacent.
1126 425 1301 461 Videmus
1328 428 1389 462 lias
1415 430 1625 465 animalium
1652 432 1731 466 reli-

235 482 337 529 quias
356 482 454 516 haud
473 494 574 517 secus
587 489 694 530 atque
715 481 920 529 plantarum
939 482 1097 518 indicare
1120 485 1214 532 globi
1229 489 1403 522 terrestris
1422 489 1730 538 refrigerationem

236 542 372 576 lentam
399 542 460 576 sed
483 543 704 577 continuam.
733 543 796 576 Ast
822 543 1004 590 incognita
1032 552 1115 579 sunt
1139 546 1341 593 plantarum
1370 548 1521 594 fossilia,
1549 551 1596 585 ita
1629 552 1731 586 inco-

237 602 357 649 gnita,
386 608 428 636 ut
454 602 511 637 vel
539 594 747 636 adhucdum
775 602 979 650 disputetur
1005 605 1100 639 inter
1129 608 1222 640 viros
1248 607 1385 652 doctos,
1415 610 1532 644 sintne
1558 612 1730 647 nonnulla

237 663 401 710 stipitum
424 662 645 710 palmarum,
665 662 880 698 foliorumve
905 666 1102 699 caetorum!
1121 665 1189 700 Sed
1210 666 1255 701 ad
1277 680 1364 715 quos
1384 670 1546 717 inprimis
1570 672 1732 721 dirigen-

236 721 325 757 dum
348 728 400 756 est
428 722 537 756 hocce
563 721 771 757 monitum?
799 722 927 758 Nonne
954 724 998 759 ad
1023 738 1086 759 nos
1109 732 1183 760 met
1210 727 1322 774 ipsos,
1348 736 1523 777 quotquot
1544 732 1730 769 Botanices

235 788 273 816 et
296 781 457 816 Historiae
479 781 658 816 Naturalis
680 782 834 817 cultores
856 783 916 818 bic
941 784 1122 819 adsimus?
1142 786 1249 820 Nobis
1268 787 1439 836 Faujasii,
1463 790 1730 838 Schlotlieimii,

235 841 477 889 Sternbergii,
506 841 653 886 Rhodii,
688 843 755 878 viri
787 842 942 877 illustres
971 844 1067 878 viam
1096 851 1269 891 stravere,
1295 855 1456 883 nostrum
1491 857 1542 884 est
1571 852 1606 885 iu
1636 854 1731 888 viam

234 901 413 949 progredi.
442 901 561 935 Patria
589 908 708 936 nostra
734 903 897 937 omnium
926 903 1096 939 ditissima
1124 912 1177 939 est
1205 906 1412 954 plantarum
1439 909 1635 953 fossilium3
1664 926 1729 960 per

236 961 397 1008 regiones
421 967 557 995 nostras
582 961 743 997 decurrit
768 964 895 1011 ingens
920 964 980 998 illa
1004 964 1287 1001 lithanthracum
1311 968 1495 1014 formatio,
1525 984 1605 1018 quae
1637 973 1731 1008 inter

233 1034 356 1056 omnes
383 1022 558 1069 Geologos
591 1023 821 1059 celeberrima
850 1031 920 1069 est,
948 1038 1101 1073 quaeque
1128 1026 1359 1073 probabiliter
1389 1030 1513 1065 eadem
1546 1039 1616 1077 est,
1649 1046 1729 1081 quae

230 1094 296 1130 per
321 1081 489 1130 Angliam
518 1082 745 1128 extenditur,
775 1091 811 1118 et
839 1084 882 1119 de
913 1085 984 1133 qua
1015 1087 1074 1121 vix
1107 1087 1292 1136 quidpiam
1320 1092 1503 1138 cognitum
1533 1092 1728 1140 habemus,

231 1155 341 1190 quam
371 1142 468 1190 quod
499 1142 640 1177 easdem
669 1143 807 1190 plantas
837 1145 1034 1189 contineat,
1062 1159 1149 1193 quas
1177 1155 1312 1184 caetera:
1339 1149 1621 1188 lithanthracum
1650 1155 1728 1190 for-

229 1203 403 1237 mationes
445 1216 529 1238 cum
566 1203 605 1237 in
644 1202 837 1238 Germania
876 1211 954 1239 tum
992 1206 1030 1240 in
1067 1206 1263 1243 Britannia.
1308 1210 1436 1245 Nonne
1476 1212 1649 1249 habemus
1691 1216 1729 1250 in

228 1262 339 1297 hacce
365 1262 456 1298 urbe
481 1262 771 1298 nostra-hortum
798 1265 933 1311 optime
955 1266 1189 1312 instructum,
1214 1271 1376 1305 omnium
1401 1273 1591 1320 regionum
1615 1275 1728 1311 Florae

229 1322 442 1358 ditissimum
458 1350 467 1367 ,
495 1324 533 1357 in
561 1336 632 1371 quo
662 1323 875 1372 vegetabilia
905 1327 1081 1370 recentia,
1110 1340 1190 1375 quae
1220 1342 1303 1364 cum
1327 1331 1505 1367 fossilibus
1530 1337 1726 1382 comparari

227 1391 394 1432 possunt,
421 1397 494 1418 non
520 1384 699 1420 deerunt?
725 1383 942 1432 Colligendae
968 1394 1069 1432 sunt,
1093 1388 1136 1422 A.
1162 1389 1205 1422 O.
1231 1389 1287 1424 hee
1312 1390 1423 1426 Florae
1449 1393 1576 1428 mundi
1599 1395 1728 1442 primi-

228 1444 326 1491 genii
357 1443 518 1492 reliquiae
560 1451 595 1478 et
626 1445 663 1479 in
691 1444 812 1480 Museo
841 1452 960 1480 nostro
988 1446 1220 1494 deponendae.
1249 1448 1376 1495 Vobis,
1402 1451 1550 1500 juvenes
1577 1456 1725 1502 optimi,

227 1505 291 1552 qui
315 1511 452 1539 naturae
477 1504 594 1539 studio
618 1511 654 1539 et
675 1505 779 1540 cultu
801 1505 955 1553 flagratis
969 1533 978 1550 ,
1008 1506 1106 1543 vobis
1129 1508 1293 1556 inprimis
1314 1510 1405 1546 illud
1435 1515 1725 1551 commendatum

226 1563 325 1607 volo,
361 1565 424 1612 qui
456 1565 549 1612 ipsas
580 1564 657 1599 illas
684 1566 847 1613 regiones
873 1566 1042 1612 incolitis,
1075 1568 1114 1602 in
1145 1568 1276 1617 quibus
1310 1572 1440 1609 fossilia
1472 1574 1532 1609 illa
1567 1577 1726 1624 quotidie

227 1624 468 1672 colliguntur,
498 1632 534 1659 et
558 1624 602 1659 ab
624 1625 798 1673 imperitis
820 1639 912 1673 saepe
940 1626 1167 1675 rejiciuntur.
1202 1630 1333 1667 Curate
1363 1647 1443 1678 vos,
1474 1648 1521 1671 ne
1548 1637 1725 1686 quidquid

226 1683 464 1731 vegetabilem
478 1684 630 1719 formam
646 1684 794 1729 habeat,
809 1685 1057 1733 diffringatur3
1076 1696 1218 1735 curate,
1243 1699 1284 1726 ut
1304 1693 1442 1742 integra
1466 1706 1723 1735 conserventur

224 1750 459 1779 monumenta
480 1744 556 1779 liaec
577 1746 832 1793 antiquissima.
852 1746 964 1781 Florae
982 1747 1045 1782 has
1064 1749 1192 1784 mundi
1210 1752 1415 1800 primigenii
1429 1755 1596 1803 reliquias
1610 1785 1619 1801 ,
1641 1772 1720 1807 quae

224 1811 307 1838 ante
323 1803 428 1851 plura
440 1804 569 1839 saecula
582 1804 697 1839 solum
714 1806 873 1854 patrium
890 1819 1061 1843 ornavere
1079 1822 1162 1845 eum
1180 1811 1309 1859 plantis
1322 1814 1494 1863 analogiS,
1513 1817 1721 1856 adhucdum

224 1863 450 1908 viventibus,
475 1865 782 1913 comparabimus,
806 1867 947 1902 Floram
969 1876 1184 1917 protogaeam
1210 1884 1230 1906 e
1253 1873 1428 1919 tenebris,
1446 1876 1576 1923 quibus
1597 1878 1721 1915 obrui-

224 1930 302 1967 tur,
331 1923 496 1959 evolvere
522 1924 749 1970 conabimur,
777 1934 814 1962 et
839 1929 966 1976 procul
995 1929 1104 1964 dubio
1132 1943 1205 1966 non
1229 1935 1426 1979 poterimus
1451 1949 1524 1971 non
1547 1937 1720 1975 doctiores

224 1983 376 2019 evadere
398 1983 442 2018 de
466 1984 647 2032 primitiva
666 1992 707 2020 ut
728 1993 764 2022 et
785 1987 829 2023 de
848 1990 1015 2036 praesenti
1033 1990 1096 2024 soli
1113 1992 1223 2026 nostri
1242 1994 1506 2031 constitutione.
1522 1997 1597 2033 Hoc
1613 2001 1718 2036 modo
1756 1994 1757 1997 Ἴ

225 2043 338 2078 officio
361 2050 480 2078 nostro
498 2044 697 2092 fungemur
717 2047 870 2094 optime,
891 2055 927 2083 et
948 2050 1132 2085 commodo
1156 2052 1283 2087 Patriae
1301 2055 1508 2091 serviemus.

274 2104 428 2148 Vereor,
456 2105 499 2139 A.
532 2105 576 2139 O.
608 2119 666 2141 me
693 2106 766 2156 jam
791 2109 897 2143 nimis
924 2110 1039 2145 vestra
1068 2112 1264 2147 attentione
1292 2112 1444 2150 abusum
1474 2116 1594 2152 fuisse.
1625 2120 1717 2156 Pro-

223 2176 310 2212 pero
334 2163 378 2198 ad
402 2164 478 2209 illa,
498 2178 578 2213 quae
600 2165 710 2216 hujus
735 2167 806 2202 diei
828 2169 1030 2205 solemnitas
1053 2178 1089 2206 et
1105 2173 1245 2220 pietatis
1266 2173 1377 2208 officia
1395 2188 1414 2209 a
1435 2189 1493 2211 me
1514 2180 1712 2228 postulant,

226 2223 357 2267 ossicia,
382 2236 462 2271 quae
486 2231 601 2260 vestra
625 2226 714 2261 mihi
736 2229 848 2263 amica
873 2229 1036 2265 voluntas
1056 2232 1244 2280 imposuit,
1272 2233 1491 2281 perillustres
1514 2239 1713 2277 Academiae

223 2283 467 2319 Gandavensis
478 2284 665 2321 Curatores
674 2313 683 2330 ,
692 2286 771 2322 Viri
783 2289 1006 2335 nobilissimi,
1018 2293 1239 2340 amplissimi!
1253 2294 1321 2328 Per
1334 2296 1624 2343 quinquennium
1637 2302 1713 2337 fere

219 2344 258 2378 in
281 2343 453 2378 Athenaeo
471 2343 641 2389 Frisiaco,
666 2347 813 2395 antiqua
836 2349 896 2384 illa
916 2351 1075 2387 x‘iroriun
1095 2353 1367 2390 clarissimorum
1387 2355 1487 2401 sede,
1508 2358 1711 2407 Chemiam,

219 2402 427 2438 Botanicam
450 2410 486 2438 et
509 2403 699 2442 Historiam
725 2407 932 2444 Naturalem
951 2411 1068 2458 docui,
1094 2412 1181 2447 illuc
1199 2413 1389 2450 advocatus
1413 2429 1432 2451 a
1453 2418 1539 2454 Viro
1560 2420 1708 2467 illustri,

1345 2467 1362 2495 ὅ
