1924 2640
858 205 877 253 (
900 205 925 241 6
949 205 967 253 )

166 306 320 344 rumque
349 292 514 329 dulcibus
541 288 720 326 involutas
744 284 855 323 fuisse
881 285 1129 322 demonstrant
1153 282 1276 333 plures
1300 282 1512 321 animalium
1538 284 1662 323 diver-

166 369 288 392 sorum
315 354 490 402 reliquiae.

216 416 377 452 Omnino
405 410 532 447 Vestra
557 406 750 458 patientia,
783 406 827 442 A.
857 405 903 441 Ο.
932 404 1123 449 abuterer‚
1154 404 1184 439 si
1211 415 1293 452 quae
1318 403 1364 439 de
1390 403 1488 439 hisce
1510 405 1664 452 superfi—

167 478 235 513 ciei
262 475 358 524 globi
372 501 382 518 ,
422 484 534 520 quem
564 468 779 512 incolimus,
810 464 1073 502 mutationibus
1108 463 1297 512 Geologia‚
1331 463 1417 499 licet
1446 464 1486 499 in
1512 464 1665 500 infantia

168 535 376 571 adhucdum
409 537 598 574 versetur,
634 541 698 563 nos
729 527 801 577 jam
832 526 974 569 docuit,
1007 524 1106 561 vobis
1145 536 1325 573 exponere
1353 523 1508 569 vellem,
1545 535 1665 572 neque

171 595 337 631 orationis
367 589 590 640 inauguralis
622 587 797 624 limitibus
823 585 1081 634 comprehendi
1112 591 1269 633 possent.

219 655 334 703 Cogor
363 659 503 696 autem,
536 656 580 686 ut
606 649 721 698 qualis
744 649 790 683 sit
816 647 920 682 Flora
942 652 1059 681 nostra
1085 645 1213 680 mundi
1240 645 1447 693 primigenii
1474 644 1574 681 vobis
1600 658 1666 693 pa—

173 722 262 759 teat,
286 712 453 762 generale
470 711 615 746 schema
637 719 837 758 proponere
859 719 932 741 non
958 707 1201 741 mutationum
1228 706 1428 750 minorum,
1453 718 1541 754 quas
1560 706 1667 741 variae

170 775 331 823 regiones
365 772 479 809 varias
517 782 625 818 passae
667 769 794 812 fuere,
837 766 899 801 sed
938 765 1115 815 majorum
1158 766 1325 811 illarum,
1375 765 1507 815 quibus
1551 767 1666 801 omnis

174 834 299 883 globus
325 839 445 868 noster
467 838 679 878 terraqueus
706 841 725 863 a
750 827 933 876 primitivo
960 839 1024 861 suo
1053 826 1097 860 ad
1118 826 1334 861 hodiernum
1352 832 1485 861 statum
1509 825 1668 874 perduc—

171 902 229 930 tus
257 893 341 929 fuit.
383 891 529 939 Duplex
560 889 804 924 mutationum
832 886 1011 936 majorum
1043 898 1156 934 genus
1189 885 1298 920 subiit
1325 886 1419 934 globi
1442 886 1666 934 superficies,

172 967 282 1002 quam
311 951 524 994 incolimus;
565 948 744 991 alterum,
775 945 879 995 cujus
910 946 1006 981 lenta
1035 946 1127 980 actio
1157 957 1222 993 per
1252 945 1357 994 plura
1392 945 1520 980 saecula
1551 946 1669 980 conti—-

174 1020 287 1049 nuata
312 1013 401 1055 fuit,
424 1021 543 1058 neque
567 1007 764 1044 hodiedum
788 1012 962 1051 cessatur3
992 1005 1147 1040 alterum
1170 1004 1442 1049 tmbulentum,
1470 1005 1669 1042 vehemen-

175 1074 351 1109 tissimum
381 1084 455 1106 uno
488 1072 564 1104 ictu
593 1080 738 1103 omnem
766 1065 860 1115 globi
889 1065 1115 1113 superficiem
1142 1065 1356 1110 immutans,
1390 1064 1453 1100 sed
1480 1077 1563 1100 mox
1590 1077 1669 1100 ces-

176 1146 273 1178 sans3
293 1131 422 1166 scalam
445 1130 473 1164 si
491 1141 601 1177 quam
623 1128 778 1163 maxime
803 1126 980 1174 augeatiS,
1010 1137 1131 1160 causas
1150 1123 1361 1170 efficientes,
1380 1125 1409 1159 si
1430 1125 1468 1159 in
1492 1131 1669 1172 quantum

174 1199 288 1230 vestra
315 1189 535 1239 imaginandi
563 1188 715 1224 facultas
741 1188 852 1231 sinat,
875 1186 1113 1235 potentiore-«3,
1136 1184 1430 1234 vehementiores
1443 1185 1668 1233 supponatis,

174 1260 210 1289 et
237 1253 387 1288 effectus
414 1251 509 1286 ultra
530 1249 680 1285 modum
707 1246 858 1298 majores
880 1253 990 1295 atque
1018 1258 1125 1294 supra
1153 1257 1297 1280 omnem
1325 1244 1420 1293 globi
1444 1246 1670 1293 superficiem

174 1321 354 1357 extenSOS‚
382 1312 577 1359 imaginem
603 1308 779 1345 habebitis
805 1320 879 1342 non
906 1305 1055 1355 quidem
1077 1304 1319 1354 adaequatam,
1353 1304 1416 1340 sed
1446 1317 1524 1340 rem
1550 1310 1670 1340 tamen

175 1372 436 1422 quodammodo
463 1371 720 1413 illustrantem,
761 1367 914 1416 duplicis
941 1365 1051 1415 hujus
1077 1366 1320 1403 mutationum
1349 1365 1509 1413 generis3
1543 1365 1571 1399 si
1597 1364 1672 1400 dif-

176 1434 367 1469 ferentiam
389 1431 574 1468 vobiscum
601 1429 793 1477 reputetis,
825 1440 907 1476 quae
940 1433 994 1461 est
1021 1427 1115 1462 inter
1141 1426 1327 1474 regionem
1353 1424 1451 1460 lente
1478 1424 1672 1461 fluminum

176 1494 252 1529 limi
286 1494 323 1528 in
355 1493 467 1540 ipsam
507 1490 726 1539 depositione
753 1501 860 1536 supra
889 1487 1022 1526 horum
1046 1486 1161 1523 undas
1194 1486 1371 1523 elevatam
1402 1491 1439 1520 et
1476 1491 1669 1529 mutatam,

177 1562 284 1603 atque
301 1555 395 1588 inter
412 1551 562 1588 eandem
585 1550 685 1585 illam
708 1550 911 1598 regionem,
934 1548 973 1582 in
996 1558 1124 1595 quam,
1154 1557 1288 1581 oceano
1310 1550 1521 1593 tempestate
1542 1544 1673 1592 magna

176 1621 370 1658 commoto,
399 1625 515 1648 arenae
541 1610 776 1660 lapidumque
807 1607 985 1657 majorum
1009 1606 1120 1641 hocce
1141 1605 1278 1641 illudve
1305 1616 1419 1652 genus
1450 1603 1549 1638 tanta
1572 1603 1673 1652 copia

176 1687 250 1711 uno
272 1675 350 1709 ictu
377 1672 585 1722 dejiciatur,
616 1678 659 1707 ut
682 1670 727 1705 ad
753 1680 921 1717 magnam
945 1665 1231 1716 profunditatem
1253 1676 1296 1700 eo
1322 1669 1485 1712 tegatur,
1509 1675 1674 1712 quaqua—

178 1747 322 1770 versum
353 1745 428 1768 sese
461 1731 643 1768 extendat.

219 1789 436 1840 Unumque
465 1798 587 1827 autem
612 1790 722 1834 illud,
751 1788 848 1838 quod
881 1786 1040 1822 indicare
1068 1784 1186 1829 volui,
1214 1783 1457 1842 mutationum
1477 1794 1590 1831 genus
1612 1795 1676 1818 su·-

181 1855 362 1902 perficiem
388 1859 531 1887 tantum
554 1851 649 1899 globi
673 1850 784 1885 nostri
806 1854 947 1884 mutare
970 1846 1106 1895 potuit,
1131 1858 1168 1880 01
1172 1851 1288 1880 ustam
1309 1844 1418 1879 unice
1426 1836 1542 1892 globi
1565 1842 1675 1892 hujus

181 1913 321 1958 z'issecit,
348 1925 469 1961 neque
496 1911 703 1978 impedivit,
735 1909 927 1958 quominus
955 1913 1073 1943 crusta
1100 1905 1177 1940 haec
1200 1911 1236 1940 et
1257 1903 1327 1939 illis
1351 1903 1449 1938 lente
1474 1902 1674 1938 afficeietur

182 1975 313 2018 causis,
358 1972 489 2021 quibus
517 1971 632 2006 omnis
666 1970 760 2019 globi
795 1970 904 2005 totius
931 1981 1043 2003 massa
1069 1966 1154 2002 inde
1182 1964 1227 2000 ab
1261 1963 1398 2011 origine
1425 1962 1471 1998 ad
1501 1961 1673 1998 hodierna

182 2047 295 2083 usque
332 2041 493 2082 tempora
527 2039 710 2068 mutatur·
703 2059 712 2077 ‚
761 2032 849 2079 quin
883 2030 942 2066 tel
969 2042 989 2065 e
1021 2026 1198 2064 contrario
1232 2025 1409 2060 actionem
1443 2035 1567 2068 suam,
1602 2035 1673 2088 qua

183 2094 277 2141 globi
305 2094 530 2142 superficiem
556 2092 820 2136 immutaverit,
843 2103 916 2125 non
942 2088 1102 2138 potuerit
1123 2086 1309 2130 melium-‚e
1333 2091 1527 2132 antequam
1548 2081 1674 2132 majori

184 2153 243 2188 1111
273 2166 420 2188 massam
453 2165 597 2188 omnem
630 2157 800 2199 tangente
832 2157 869 2185 et
901 2149 1066 2185 omnibus
1104 2146 1301 2197 systematis
1331 2145 1443 2180 nostii
1485 2142 1674 2194 planetalii

188 2212 299 2261 globis
321 2213 503 2248 communi
530 2212 728 2248 mutatione
755 2210 800 2245 ad
822 2210 921 2245 illam
943 2209 1082 2245 telluris
1102 2207 1307 2256 superficies
1334 2205 1446 2242 fuerit
1472 2204 1647 2253 adaptata.

235 2273 415 2321 Equidem
441 2274 535 2309 inter
561 2273 625 2308 has
650 2283 769 2308 causas
803 2277 926 2306 tenere
952 2271 1084 2319 primas
1118 2273 1235 2316 partes
1263 2278 1389 2302 censeo
1416 2265 1623 2300 continuam
1653 2275 1673 2297 a
