2912 4368
1626 935 1644 983 (
1668 936 1692 971 6
1717 935 1735 982 )

936 1038 1089 1075 rumque
1118 1023 1282 1059 dulcibus
1310 1018 1488 1056 involutas
1513 1015 1623 1052 fuisse
1649 1014 1896 1050 demonstrant
1921 1012 2043 1061 plures
2068 1011 2279 1049 animalium
2305 1013 2428 1050 diver-

936 1100 1057 1123 sorum
1084 1085 1258 1132 reliquiae.

986 1147 1145 1182 Omnino
1175 1140 1300 1177 Vestra
1326 1136 1517 1187 patientia,
1552 1136 1595 1171 A.
1625 1134 1671 1169 Ο.
1700 1133 1891 1178 abuterer,
1922 1133 1951 1167 si
1979 1144 2060 1180 quae
2086 1131 2131 1167 de
2158 1131 2255 1167 hisce
2278 1133 2431 1179 supersi—

937 1209 1004 1243 ciei
1032 1206 1150 1254 globi,
1192 1214 1302 1250 quem
1334 1198 1547 1240 incolimus,
1579 1194 1841 1230 mutationibus
1876 1192 2064 1240 Geologia,
2099 1191 2184 1226 licet
2214 1192 2253 1227 in
2280 1192 2431 1226 infantia

938 1265 1145 1302 adhucdum
1179 1266 1366 1303 versetur,
1402 1270 1466 1292 nos
1497 1256 1569 1305 jam
1601 1255 1742 1298 docuit,
1776 1253 1874 1289 vobis
1913 1264 2093 1301 exponere
2121 1251 2274 1296 vellem,
2313 1263 2432 1299 neque

941 1325 1106 1361 orationis
1136 1319 1359 1369 inauguralis
1391 1316 1565 1352 limitibus
1592 1314 1849 1362 comprehendi
1881 1319 2037 1361 possent.

989 1385 1102 1432 Cogor
1132 1389 1272 1424 autem,
1306 1385 1348 1414 ut
1375 1378 1489 1426 qualis
1513 1378 1558 1411 sit
1586 1375 1688 1410 Flora
1712 1381 1828 1409 nostra
1854 1373 1981 1408 mundi
2009 1373 2214 1421 primigenii
2242 1371 2341 1408 vobis
2368 1386 2433 1420 pa—

943 1452 1031 1487 teat,
1056 1442 1221 1491 generale
1239 1440 1383 1474 schema
1406 1447 1606 1486 proponere
1629 1447 1701 1469 non
1727 1435 1969 1469 mutationum
1997 1434 2196 1477 minorum,
2222 1445 2309 1481 quas
2329 1433 2434 1468 variae

940 1505 1100 1552 regiones
1135 1502 1248 1537 varias
1286 1511 1393 1547 passa:
1436 1497 1563 1539 fuere,
1606 1495 1668 1529 sed
1707 1493 1884 1543 majorum
1927 1494 2093 1538 illarum,
2144 1493 2275 1542 quibus
2320 1494 2434 1528 omnis

944 1564 1068 1612 globus
1094 1569 1214 1597 noster
1238 1567 1448 1607 terraqueus
1475 1570 1494 1591 a
1520 1556 1702 1604 primitivo
1729 1567 1793 1589 suo
1823 1554 1866 1588 ad
1888 1554 2103 1588 hodiernum
2121 1560 2253 1588 statum
2278 1552 2435 1600 perduc-

941 1632 999 1659 tus
1027 1623 1110 1658 fuit.
1153 1620 1298 1667 Duplex
1330 1618 1573 1652 mutationum
1602 1614 1780 1664 majorum
1812 1626 1925 1662 genus
1958 1613 2067 1648 subiit
2094 1614 2188 1661 globi
2211 1614 2434 1661 superficies,

942 1696 1051 1731 quam
1081 1681 1293 1723 incolimus3
1335 1678 1513 1719 alterum,
1545 1674 1648 1723 cujus
1680 1674 1775 1709 lenta
1805 1674 1895 1708 actio
1926 1686 1991 1721 per
2022 1672 2126 1721 plura
2161 1672 2288 1707 saeeula
2320 1673 2438 1706 conti-

945 1750 1057 1778 nuata
1083 1742 1170 1784 fuit,
1194 1751 1313 1787 neque
1338 1736 1534 1772 hodiedum
1558 1740 1731 1778 cessatur,
1762 1733 1916 1768 alterum
1940 1732 2211 1776 turbulentum,
2240 1732 2438 1768 vehemen-

946 1804 1120 1838 tissimum
1151 1813 1224 1835 uno
1258 1801 1334 1833 ictu
1363 1809 1507 1832 0111116111
1536 1794 1629 1843 globi
1659 1793 1884 1840 superficiem
1912 1793 2125 1837 immutans,
2160 1792 2221 1827 sed
2250 1805 2332 1827 mox
2360 1804 2437 1827 ces-

947 1875 1043 1907 sans,
1064 1861 1192 1895 scalam
1215 1860 1242 1893 si
1262 1871 1370 1906 quam
1393 1857 1548 1891 1113111116
1573 1855 1749 1902 augeatis,
1780 1865 1900 1888 causas
1920 1851 2131 1897 efficientes,
2149 1852 2178 1886 si
2200 1852 2237 1886 in
2261 1858 2437 1899 quantum

945 1929 1058 1959 vestra
1086 1919 1305 1968 imaginandi
1334 1918 1485 1953 facultas
1512 1917 1622 1959 sinat,
1646 1915 1882 1962 potentioreS,
1906 1911 2191 1947 vehementiores
2213 1912 2437 1959 supponatis,

945 1990 979 2018 et
1008 1983 1157 2017 effectus
1184 1980 1278 2015 ultra
1301 1978 1450 2013 modum
1478 1975 1627 2026 majores
1651 1982 1759 2022 atque
1788 1986 1895 2021 supra
1923 1984 2067 2007 omnem
2095 1971 2190 2020 globi
2214 1972 2439 2019 superficiem

946 2051 1125 2086 extensos,
1153 2041 1347 2086 imaginem
1374 2037 1549 2073 habebitis
1576 2049 1648 2069 non
1677 2034 1824 2083 quidem
1848 2032 2089 2081 adaequatam,
2123 2031 2186 2067 sed
2216 2044 2293 2066 rem
2320 2037 2439 2066 tamen

947 2101 1207 2151 quodammodo
1235 2100 1490 2141 illustrantem,
1532 2096 1684 2144 duplicis
1712 2093 1821 2143 hujus
1848 2094 2090 2128 mutationum
2120 2092 2278 2140 generi53
2313 2092 2341 2126 si
2367 2090 2441 2126 dif—

948 2164 1137 2198 serentiam
1160 2160 1344 2197 robiscum
1372 2158 1563 2205 reputetiS,
1596 2168 1677 2204 quae
1711 2161 1764 2189 est
1792 2155 1885 2188 inter
1912 2154 2097 2201 regionem
2124 2152 2221 2187 lente
2249 2151 2441 2186 fluminum

948 2223 1023 2257 limi
1058 2224 1094 2257 111
1126 2222 1238 2269 ipsam
1278 2219 1496 2267 depositione
1524 2229 1631 2264 supra
1660 2216 1791 2251 horum
1817 2214 1931 2250 midas
1964 2213 2140 2249 elevatam
2173 2218 2209 2246 et
2247 2217 2439 2255 mutatam,

949 2292 1055 2331 atquc
1074 2284 1166 2317 inter
1183 2280 1333 2316 eandem
1357 2279 1455 2313 illam
1479 2278 1681 2325 regionem,
1706 2276 1743 2309 in
1767 2286 1894 2322 quam,
1925 2284 2057 2307 oceano
2081 2277 2291 2319 tempestate
2313 2271 2443 2318 magna

948 2350 1141 2387 commoto,
1171 2354 1286 2376 arena:
1313 2339 1547 2388 lapidumque
1578 2335 1755 2384 majorum
1781 2333 1891 2368 110066
1912 2332 2048 2367 illudve
2076 2343 2189 2379 genus
2221 2329 2318 2364 tanta
2343 2330 2443 2378 copia

949 2417 1021 2439 uno
1045 2404 1121 2438 ictu
1150 2401 1356 2450 dejiciatur,
1388 2406 1430 2434 ut
1453 2398 1498 2433 ad
1524 2408 1691 2444 magnam
1716 2393 2001 2443 profunditatem
2024 2403 2066 2426 eo
2094 2396 2255 2438 tegatur,
2279 2402 2444 2438 quaqua-

950 2476 1094 2498 versum
1126 2474 1199 2496 5656
1233 2460 1414 2496 extendat.

999 2523 1208 2568 Utrumque
1237 2527 1358 2554 autem
1384 2518 1493 2561 illud,
1522 2516 1619 2565 quod
1652 2514 1810 2549 indicare
1840 2512 1956 2556 volui,
1986 2510 2227 2546 mutationum
2248 2520 2360 2557 genus
2383 2521 2445 2544 su-

955 2584 1134 2630 perficiem
1161 2588 1302 2615 tantum
1326 2579 1420 2627 globi
1445 2578 1555 2612 nostri
1578 2582 1718 2611 mutare
1742 2574 1877 2622 potuit,
1903 2578 2058 2607 crustam
2081 2563 2202 2605 unice*
2217 2569 2312 2617 globi
2336 2568 2445 2618 liujus

954 2642 1069 2677 :tll'ecit
1085 2670 1093 2686 ,
1121 2653 1240 2689 neque
1268 2639 1475 2687 impedixit,
1506 2637 1698 2685 quominus
1726 2640 1843 2669 crusta
1872 2632 1948 2667 haec
1971 2638 2007 2666 et
2028 2630 2098 2665 illis
2122 2630 2219 2664 lente
2245 2629 2445 2663 alliceretur

955 2704 1085 2745 causis,
1130 2700 1260 2749 quibus
1290 2700 1403 2734 01111115
1438 2697 1532 2746 globi
1568 2698 1675 2732 totius
1703 2708 1814 2730 massa
1841 2693 1925 2728 inde
1954 2691 1997 2726 ab
2032 2690 2169 2737 origine
2197 2688 2242 2724 ad
2272 2688 2444 2724 hodierna

957 2776 1068 2810 usque
1106 2769 1265 2809 tempora
1300 2767 1483 2803 mutatur,
1533 2760 1621 2806 quin
1655 2757 1713 2792 161
1741 2769 1760 2791 6
1793 2753 1969 2790 contrario
2004 2751 2180 2786 actionem
2215 2762 2338 2793 suam,
2374 2749 2443 2796 qua

957 2822 1049 2869 globi
1078 2822 1303 2869 superficiem
1329 2820 1592 2863 immutaverit,
1616 2830 1688 2852 non
1714 2815 1873 2864 potuerit
1894 2812 2080 2855 inchoare,
2105 2817 2297 2858 antequam
2320 2807 2445 2858 majori

958 2881 1015 2915 itt&
1046 2894 1192 2915 massam
1226 2893 1369 2915 0111116111
1403 2884 1571 2926 tangente
1604 2884 1640 2912 ct
1673 2876 1838 2911 omnibus
1876 2873 2072 2923 systematis
2103 2871 2213 2906 nostri
2257 2868 2444 2918 planetarii

962 2940 1071 2989 globis
1094 2942 1275 2975 communi
1303 2939 1500 2974 mutatione
1528 2937 1572 2972 ad
1594 2937 1692 2972 illam
1716 2936 1853 2971 telluris
1874 2933 2078 2982 superficies
2106 2932 2217 2968 fuerit
2244 2930 2418 2978 adaptata.

1010 3000 1188 3048 Equidem
1215 3001 1307 3035 inter
1335 3000 1397 3035 1135
1423 3011 1541 3034 causas
1575 3004 1698 3032 tenere
1725 2997 1856 3044 primas
1890 3000 2006 3042 partes
2035 3004 2160 3027 censeo
2188 2991 2395 3026 continuam
2425 3001 2443 3022 a
