1924 2640
929 256 944 300 (
978 268 1019 301 ιε)
1046 255 1062 301 )

250 343 318 377 Sed
333 342 377 377 de
393 340 526 390 quanta
543 353 604 388 spe
621 339 752 376 decidi!
771 338 976 373 Londinum
999 336 1043 370 ad
1061 348 1118 371 me
1136 337 1300 384 pervenit
1317 334 1433 370 obitus
1446 333 1621 381 inopinati
1638 339 1673 367 et
1686 333 1744 367 in-

251 403 444 451 opportimi
460 401 540 436 Viri
562 401 694 435 summi
717 399 879 433 nuntius,
898 397 977 432 Non
994 409 1139 444 possum
1157 396 1293 439 dicere,
1318 395 1355 428 in
1376 400 1547 441 quantam
1568 391 1745 427 tristitiam

251 474 309 496 me
336 462 553 496 tristissimus
577 460 638 495 ille
660 460 811 494 nuntius
835 456 1046 507 conjecerit,
1065 457 1188 493 recens
1211 456 1329 490 adhue
1353 461 1428 489 erat
1446 453 1597 496 vulnus,
1615 452 1710 500 quod
1727 466 1746 486 a

252 522 368 557 subito
393 523 507 557 Patris
529 521 655 569 optimi
679 519 801 562 obitu,
827 517 1016 552 infflictum
1040 516 1129 552 mihi
1146 522 1233 551 erat.
1253 515 1446 562 Supererat
1473 520 1629 547 attamen
1660 510 1749 545 mibi

253 583 467 630 Camperus,
488 581 531 617 ab
552 580 612 615 illo
633 579 798 614 solatium
814 577 1000 625 petebam,
1024 577 1062 610 in
1081 576 1142 611 illo
1163 575 1329 610 solatium
1349 575 1471 610 inveni
1485 586 1491 607 z
1505 571 1634 606 -Sed
1657 570 1747 619 proh

253 642 368 677 dolor!
400 649 436 676 et
463 641 550 676 111110
579 641 617 674 111
648 639 730 674 satis
758 643 854 681 erat,
883 636 985 671 brevi
1013 634 1241 670 inexorabilis
1267 633 1382 669 morbi
1405 632 1642 669 vehementiae
1666 644 1752 666 suc-

254 702 436 738 cumbere.
458 701 530 735 Vix
547 700 684 747 Hagam
702 698 884 734 Comitum
907 697 1090 744 attigerat,
1112 702 1154 730 ut
1171 695 1313 729 muneri
1332 694 1535 741 gravissimo
1554 693 1621 740 ipsi
1642 705 1752 739 quam

252 760 605 796 honorificentissime
626 758 742 793 oblato
764 756 813 792 ibi
834 763 994 800 vacaret,
1022 755 1113 804 quin
1139 754 1247 790 eheu!
1273 753 1396 788 multis
1421 753 1481 786 ille
1504 751 1630 786 flebilis
1651 750 1752 785 bonis

255 821 350 857 diem
368 832 578 870 supremum
596 817 736 854 obierit.
754 817 826 851 Vix
850 815 1035 864 quidpiam
1053 814 1242 857 remansit,
1264 812 1359 860 quod
1379 812 1467 845 mihi
1487 811 1753 857 Franequeram

255 882 385 918 deinde
407 887 588 928 acceptam
611 879 760 915 reddere
783 883 911 925 posset.
936 876 1045 910 Grata
1070 873 1220 922 proinde
1239 872 1283 907 ad
1308 884 1366 906 nie
1392 882 1567 905 accessere
1581 869 1753 903 Virorum

257 942 545 990 gravissimorum
570 938 680 988 liujus
705 937 945 973 celeberrimas
963 935 1215 973 Unixersstatis
1235 933 1450 968 Curatorum
1471 930 1598 973 literae,
1625 928 1755 976 quibus

255 1016 313 1038 me
342 1003 385 1038 ab
408 1001 668 1050 Angustissimo
691 999 885 1047 Belgarum
912 997 1008 1044 Rege
1038 994 1203 1030 Gandam
1231 993 1394 1029 advocari
1422 988 1685 1039 significabant,
1714 994 1756 1022 ut

256 1064 305 1098 ibi
326 1076 459 1098 munus
482 1062 583 1097 obitu
603 1061 682 1095 Viri
698 1059 888 1094 Clarissimi
903 1057 1045 1092 Cassehi
1063 1068 1221 1093 x‘acuum
1244 1054 1411 1089 relictum
1435 1051 1635 1099 explerem3
1659 1047 1756 1096 grata

256 1131 377 1159 mente
398 1136 533 1158 novum
556 1120 647 1156 illud
665 1121 784 1168 Regiae
803 1119 1059 1153 munificentiae
1083 1117 1216 1152 donum
1240 1114 1383 1161 accepi,
1406 1112 1543 1147 donum
1569 1122 1642 1144 esse
1666 1121 1757 1156 gau—-

258 1184 324 1219 deo
348 1184 461 1219 Patris
484 1182 623 1217 Patriae.
652 1181 771 1216 Deum
794 1180 940 1214 omnino
964 1178 1092 1215 devota
1117 1183 1239 1212 mente
1264 1186 1435 1216 veneror,
1464 1177 1506 1206 ut
1537 1168 1759 1217 Angustissi-

259 1258 361 1281 mum
387 1244 543 1292 Regem,
568 1249 751 1288 totamque
774 1240 881 1288 Regis
909 1239 1057 1273 domum
1072 1265 1081 1282 ,
1108 1236 1248 1272 salvum
1275 1240 1418 1283 praestet
1439 1239 1475 1267 et
1493 1229 1725 1266 incolumem.

311 1414 390 1449 Non
420 1414 565 1449 omnino
593 1413 720 1461 hospes
746 1410 878 1446 adcessi
907 1409 951 1444 ad
977 1407 1107 1443 urbem
1135 1413 1171 1442 et
1194 1404 1477 1441 Universitatem
1500 1401 1636 1435 hancce
1660 1399 1761 1432 Gan—-

264 1476 475 1511 (lavensium
503 1468 696 1523 inclytam,
733 1472 867 1507 occasio
897 1470 987 1505 mihi
1019 1469 1091 1504 suit
1118 1466 1285 1516 praeclara
1318 1461 1547 1505 observandi,
1577 1458 1691 1506 qualis
1719 1457 1763 1491 sit

265 1536 558 1571 Gandavcnsium
585 1533 688 1568 ardor
712 1533 749 1567 in
773 1529 1035 1581 promovendo,
1063 1538 1290 1577 quaecunque
1316 1523 1471 1559 scientiis
1494 1528 1529 1555 et
1559 1519 1693 1556 artibus
1717 1517 1764 1552 li-

263 1595 443 1631 beralibus
465 1595 607 1637 favent,
629 1605 745 1641 quum
762 1598 844 1626 ante
862 1590 1050 1625 biennium
1070 1588 1218 1635 collegio
1241 1597 1408 1632 supremo
1427 1581 1573 1631 objectis
1589 1576 1764 1614 industria

268 1654 413 1704 Belgica
431 1654 611 1689 fabricatis
630 1660 665 1687 et
680 1651 824 1700 publice
840 1652 879 1685 in
897 1650 964 1685 hae
981 1649 1071 1684 urbe
1088 1647 1273 1695 expositis,
1292 1641 1543 1693 dijudicandis,
1558 1637 1766 1674 coronandis

267 1716 441 1751 destinato
458 1716 678 1750 interessem.
698 1713 803 1748 Tunc
821 1711 990 1759 temporis
1007 1708 1080 1745 vidi
1091 1736 1100 1753 ,
1121 1706 1219 1756 quali
1237 1703 1380 1740 stimulo
1395 1702 1439 1738 ad
1456 1712 1561 1735 omne
1577 1699 1713 1733 bonum
1732 1702 1767 1730 et

268 1777 459 1812 honestum
477 1775 674 1809 incitentur
689 1771 960 1814 Gandavenses,
979 1770 1052 1804 dies
1071 1765 1319 1803 memorabiles
1335 1774 1426 1810 saepe
1440 1772 1583 1794 mecum
1598 1763 1767 1805 reputans

268 1838 366 1881 illos,
392 1835 535 1885 quando
556 1835 594 1869 in
618 1833 712 1869 ludis
732 1832 903 1881 publicis,
928 1829 1147 1864 acclamante
1170 1825 1268 1860 omni
1288 1821 1444 1864 Graecia,
1469 1817 1597 1854 corona
1624 1817 1767 1851 victoris

270 1903 484 1933 ornarentur
511 1894 740 1929 meritissimi.
774 1891 884 1927 Vobis
917 1889 1104 1939 inprimis,
1140 1887 1220 1921 Viri
1254 1880 1477 1919 nobilissimi!
1516 1876 1768 1914 Universitatis

270 1959 381 2008 hujus
411 1956 600 1992 Curatores
632 1952 870 2002 Amplissimi!
905 1963 1041 1987 novun}
1072 1946 1163 1983 illud
1195 1945 1313 1993 Regiae
1348 1939 1604 1978 munificentiae
1634 1947 1769 1971 munus

272 2024 461 2065 acceptum
480 2014 603 2051 debeo.
624 2014 653 2048 Α
668 2013 764 2047 Viris
777 2012 917 2060 generis
933 2009 1118 2044 nobilitate
1132 2013 1167 2041 et
1181 2004 1410 2041 scientiarum
1425 1999 1522 2036 vario
1537 2008 1667 2046 genere
1686 1994 1771 2029 emi-

271 2078 486 2113 nentissimis
504 2088 562 2110 me
581 2074 652 2109 11110
670 2073 883 2109 advocatum
903 2083 977 2105 esse
995 2068 1191 2117 priesertim
1205 2063 1346 2113 glorior.
1365 2059 1474 2094 Vobis
1486 2086 1495 2103 ,
1509 2057 1587 2094 Viri
1598 2055 1769 2096 illustres,

272 2139 316 2173 de
340 2150 396 2172 me
417 2137 577 2184 meisque
596 2134 720 2170 studiis
739 2133 807 2168 hac
829 2131 1035 2168 evocatione
1057 2128 1190 2177 optime
1212 2123 1365 2166 meritis,
1384 2119 1527 2170 publice
1550 2117 1610 2152 hic
1628 2120 1771 2164 gratum

275 2200 437 2234 animum
462 2197 596 2232 obfero.
635 2195 861 2231 Provinciam
894 2206 912 2227 a
951 2191 1048 2227 vobis
1083 2188 1172 2223 mihi
1205 2184 1358 2220 oblatam
1390 2187 1535 2215 strenue
1563 2174 1767 2211 defendam.

276 2260 379 2294 Horti
404 2251 607 2292 Academici
631 2255 748 2299 illius,
773 2253 836 2301 qui
860 2252 991 2300 primas
1019 2255 1135 2297 partes
1158 2247 1252 2281 iuter
1275 2243 1396 2277 hortos
1418 2239 1456 2274 in
1479 2238 1601 2285 Regno
1625 2234 1770 2280 Belgieo

275 2320 395 2357 obvios
415 2318 542 2353 merito
565 2322 682 2359 tenet,
706 2321 742 2349 et
757 2313 873 2348 Musei
896 2305 1284 2359 zoologico-anatomici
1303 2309 1345 2338 ut
1360 2307 1397 2336 et
1413 2296 1655 2344 mineralogici
1674 2305 1768 2328 curre

275 2393 364 2416 meae
391 2378 568 2414 commissi
603 2373 855 2418 conservandi,
884 2368 1123 2420 amplificandi
1157 2365 1377 2401 occasionem
1404 2359 1543 2395 nullam
1567 2355 1768 2403 negligam,

279 2447 314 2476 et
339 2446 515 2489 quantum
543 2450 607 2487 pro
640 2434 772 2473 viribus
798 2433 904 2478 licet,
931 2429 1131 2467 Academiae
1159 2422 1352 2461 commodis
1381 2430 1520 2467 semper
1545 2413 1767 2465 prospiciam.
