1924 2640
861 231 876 276 <
977 231 993 273 >

175 317 386 352 suhmarinae
412 315 628 362 pra‘sertinu
661 312 731 345 imo
760 316 797 345 et
824 310 881 346 vel
908 309 1000 345 illud
1028 322 1075 344 ne
1100 310 1159 344 vix
1188 309 1352 357 quidem,
1380 310 1447 343 nisi
1475 315 1549 344 arte
1579 308 1666 345 chem

177 377 267 412 1111091
297 375 409 425 adjuti
437 374 647 419 detegimus.

223 437 292 471 Vix
311 438 421 484 igitur
439 446 554 482 operm
573 432 730 480 pretium
744 431 837 465 soret.
853 431 890 465 in
908 429 1047 465 Floram
1061 430 1187 465 mundi
1205 431 1409 478 primigenii
1426 429 1664 477 inquisivisse,

176 500 203 533 si
222 497 313 532 nihil
333 496 376 530 de
398 495 471 542 ips-91
488 500 616 542 praetcr
636 491 854 539 antiquiores
872 491 976 526 hasce
995 491 1162 539 reliquias
1183 497 1400 539 superesset,
1419 489 1480 524 sed
1495 489 1667 524 immensa

176 566 227 593 est
252 555 507 605 vegetabilium
531 554 630 602 copia
653 554 690 587 in
716 551 987 587 formationibus
1009 551 1096 596 illis,
1125 552 1339 587 recentiores
1367 564 1455 599 quas
1482 563 1667 594 x‘ocamus,

176 630 255 665 qua:
274 624 395 651 tamen
414 615 667 663 antiquissimae
684 619 785 657 sunt,
805 612 832 646 si
851 612 895 647 ad
913 619 1071 660 tempora
1089 612 1254 648 historica
1275 612 1497 657 reserantur,
1516 611 1669 646 enormis

175 681 226 712 es't
251 677 456 725 plantarum
486 682 816 723 cryptogamarum,
846 674 1222 723 phaenerogamarum,
1252 686 1477 717 muscorum,
1509 671 1668 713 filicum,

177 738 399 787 palmarum,
425 743 623 780 caetorum,
648 735 846 771 aliorumve
868 735 907 769 111
934 735 1141 770 continente
1166 736 1404 770 crescentium
1429 735 1467 768 in
1493 732 1590 767 hisce
1614 744 1670 765 se-

176 798 378 847 pultarum,
402 805 438 832 et
457 797 613 832 examini
637 803 754 830 nostro
778 801 1078 831 conservatarum.
1107 795 1224 830 Nullae
1248 802 1332 831 sunt
1352 794 1465 843 plagae
1489 792 1672 841 aequinoc-

179 859 297 903 tiales,
330 866 402 893 tam
432 857 539 893 dens-21
567 857 767 905 palmarum
793 855 893 904 copiti
919 862 1068 900 ornatae,
1100 856 1199 892 nulla
1228 863 1280 891 est
1302 855 1419 890 insula
1446 854 1501 891 vel
1526 855 1563 888 in
1597 854 1671 900 ipso

179 919 320 954 climate
354 918 558 954 mollissimo
591 918 714 952 oceani
742 918 880 965 pacifici
914 924 1049 951 tantam
1084 925 1289 962 caetorum,
1321 916 1601 965 euphorbiarum
1634 915 1671 948 in

176 980 359 1015 montibus
382 980 453 1014 suis
476 980 614 1027 copiam
637 979 819 1023 nutriens,
845 991 954 1026 quam
975 984 1027 1013 est
1047 978 1267 1026 palmarum,
1291 984 1492 1020 caetorum,
1516 975 1669 1018 filicum,

179 1041 358 1085 caricum,
381 1039 606 1086 aliorumque
633 1039 784 1074 varietas
808 1039 996 1083 immensa,
1021 1051 1101 1086 quae
1128 1038 1178 1073 ibi
1203 1038 1341 1086 sepulta
1369 1036 1473 1086 jacet,

227 1100 297 1136 Sed
315 1114 333 1134 a
355 1099 411 1136 visi
435 1098 575 1143 aberro,
600 1099 642 1133 A.
664 1099 728 1143 O.;
750 1099 884 1146 tegitur
903 1098 1111 1134 adhucdum
1134 1098 1177 1133 ab
1195 1099 1292 1133 omni
1311 1105 1412 1146 parte
1430 1097 1530 1145 aquis
1549 1095 1673 1143 globus

180 1161 370 1205 terrestris,
398 1166 433 1195 ct
457 1159 528 1209 jam
553 1159 680 1207 loquor
703 1158 746 1194 de
770 1159 834 1203 iis,
861 1171 941 1207 quae
968 1159 1006 1193 iu
1030 1160 1121 1194 sicco
1147 1171 1303 1195 crevere.
1331 1157 1529 1193 subsedere
1553 1163 1674 1191 autem

180 1223 261 1258 dein
284 1234 385 1270 aquae
407 1221 477 1256 illae,
494 1221 656 1264 marinae,
675 1227 712 1255 et
730 1220 834 1255 fuere
853 1233 960 1268 supra
978 1219 1056 1255 illas
1077 1221 1256 1255 montium
1278 1219 1433 1254 maxime
1454 1218 1675 1253 elev'atorum

182 1283 366 1318 cacumina
401 1282 549 1318 elevata.
578 1281 787 1328 Ignoramus
819 1280 942 1328 plane,
967 1281 1058 1315 sitne
1081 1280 1172 1315 illud
1199 1280 1295 1314 lento
1320 1279 1493 1314 descensu
1518 1278 1675 1319 factum,

180 1343 235 1379 vel
260 1344 368 1378 unico
395 1343 489 1387 ictu,
514 1342 712 1377 mutatione
741 1340 937 1375 tremenda.
965 1341 1194 1388 Ignoramus,
1223 1340 1372 1375 ubinam
1408 1350 1569 1375 cavernae
1607 1338 1678 1371 sint

181 1405 273 1449 sitae,
296 1415 376 1452 quae
396 1415 504 1451 aquas
530 1401 704 1437 subsessas
729 1402 932 1445 continent,
952 1400 1044 1435 illud
1065 1407 1187 1435 autem
1209 1407 1305 1435 certo
1333 1400 1465 1434 certius
1492 1399 1677 1446 cognitum

180 1465 368 1509 hahemus,
395 1475 563 1500 cavernas
585 1462 683 1497 hunc
709 1462 747 1495 in
771 1461 881 1495 finem
904 1473 976 1494 non
1001 1459 1151 1510 majores
1173 1460 1212 1495 in
1238 1459 1367 1495 tellure
1390 1458 1543 1507 requiri,
1568 1470 1677 1505 quam

181 1538 268 1574 quas
290 1531 326 1559 et
346 1531 485 1559 montes
501 1522 670 1558 Vulcanii
692 1528 775 1556 ante
799 1521 865 1557 sub
889 1521 1019 1556 tellure
1043 1521 1236 1565 reconditi,
1252 1534 1351 1555 nunc
1374 1520 1419 1555 ad
1441 1520 1567 1567 viginti
1593 1518 1678 1552 mil-

180 1587 271 1621 lium
297 1585 432 1633 pedum
462 1583 690 1619 altitudinem
717 1595 825 1630 supra
849 1581 1017 1617 tellurem
1046 1582 1263 1623 eminentes,
1292 1587 1329 1615 et
1352 1587 1455 1614 terrae
1478 1585 1596 1613 motus
1613 1589 1677 1625 per

182 1646 390 1682 vastissimas
411 1645 574 1694 regiones
593 1643 729 1678 extensi
753 1641 962 1677 adhucdum
986 1642 1024 1676 in
1040 1642 1151 1690 ipsius
1168 1642 1249 1677 511111
1266 1640 1384 1675 adesse
1403 1639 1543 1674 docent.
1564 1639 1677 1673 11111110

182 1721 265 1743 011111
293 1719 447 1742 oceanus
472 1713 544 1741 tam
571 1706 732 1752 exiguae,
761 1704 870 1738 etiam
896 1702 959 1738 ubi
985 1702 1185 1738 mensurari
1214 1702 1360 1749 nequit,
1392 1701 1437 1735 sit
1459 1699 1676 1742 altitudinis,

183 1769 210 1802 si
246 1767 425 1802 referatur
455 1766 500 1802 ad.
530 1766 669 1801 telluris
696 1764 930 1808 diametrum,
960 1762 1053 1798 nihil
1086 1762 1217 1806 obstat,
1247 1761 1337 1809 quin
1372 1772 1592 1795 assumamus
1621 1757 1679 1794 vel

185 1841 327 1864 omnem
353 1828 476 1863 oceani
506 1826 682 1862 ambitum
698 1825 775 1860 illas
803 1837 877 1859 non
902 1836 1002 1872 posse
1023 1823 1174 1872 replere.
1202 1821 1396 1869 Fingamus
1422 1818 1538 1863 nobis,
1564 1819 1604 1853 A.
1633 1819 1676 1852 O,

186 1897 287 1924 terrae
305 1888 460 1924 motibus
480 1888 601 1936 plures
626 1886 713 1922 tales
734 1898 902 1922 cavernas
919 1897 1024 1934 agere
1048 1885 1155 1919 rimas
1175 1888 1211 1918 et
1231 1882 1275 1918 ad
1295 1881 1433 1917 telluris
1454 1880 1680 1928 superficiem

187 1951 334 1999 aperiri,
360 1949 407 1984 ad
428 1950 568 1985 fissuras
594 1947 754 1983 adfluent
780 1959 910 1995 magno
934 1947 1074 1994 impetu
1096 1944 1259 1992 undique
1285 1955 1460 1991 aquarum
1485 1948 1679 1984 torrentes,

189 2018 221 2045 et
241 2011 327 2046 dum
341 2009 579 2059 replebuntur
602 2021 782 2053 cavernae,
807 2007 1047 2045 elevabuntur
1066 2008 1245 2042 montium
1258 2004 1343 2055 juga
1355 2005 1393 2038 in
1408 2003 1559 2038 formam
1579 2002 1681 2036 insu—-

191 2072 319 2107 larum.
347 2072 540 2120 Fingamus
566 2069 667 2106 nobis
694 2069 778 2105 dein
805 2070 958 2118 parietes
980 2075 1016 2104 et
1040 2074 1195 2104 crustam
1220 2064 1418 2101 earundem
1447 2075 1682 2099 cavernarum

191 2133 290 2177 novis
303 2139 405 2167 terrae
418 2131 586 2168 motubus
605 2130 759 2181 dejectos
779 2137 815 2165 et
833 2129 1016 2179 collapsos,
1035 2136 1072 2165 et
1087 2126 1260 2164 immensa
1277 2128 1313 2163 vi
1330 2125 1531 2163 videbimus
1549 2136 1593 2158 ex
1614 2123 1682 2157 illis

190 2193 410 2241 prosilientes
437 2206 562 2241 aquas,
586 2205 666 2241 quae
689 2191 778 2227 dum
799 2190 844 2226 ad
866 2191 1053 2239 pristinam
1073 2188 1302 2224 altitudinem
1324 2185 1549 2229 evehuntur,
1572 2183 1683 2218 tellu—

191 2266 268 2288 rem
293 2254 426 2288 iterum
453 2266 597 2289 omnem
623 2259 770 2302 tegunt,
800 2259 837 2288 et
861 2251 1039 2301 quidquid
1064 2249 1222 2299 organici
1251 2248 1289 2284 in
1314 2246 1374 2282 ill&
1400 2245 1553 2290 exsistit,
1575 2243 1682 2279 undis

191 2315 262 2349 suis
286 2313 476 2362 sepeliunt.
