1924 2640
127 2317 176 2413 mm
130 2228 174 2285 8⁸
134 2108 181 2198 1902

245 181 1730 226 μ

244 404 480 440 FLANDRIAE
512 399 773 437 ORIENTALIS
804 397 1125 442 GUBERNATOR,
1157 398 1236 432 VIR
1267 395 1611 432 ILLUSTRISSIME!

243 564 486 603 ACADEMIAE
524 559 810 602 CURATORES,
850 558 944 597 VIRI
979 555 1261 593 NOBILISSIMI!

243 724 321 771 QUI
359 720 640 758 CURATORUM
673 718 893 753 COLLEGIO
930 717 985 755 AB
1020 717 1143 752 ACTIS
1175 717 1244 761 135,
1283 717 1362 751 VIR
1399 717 1683 752 GRAVISSIME!

244 883 418 918 ARTIUM
444 879 863 924 DOCTRINARUMQUE
881 877 1210 922 PROFESSORES,
1234 876 1451 910 COLLEGAE
1473 877 1736 911 CLARISSIMI!

243 1043 470 1082 STUDIOSAE,
507 1040 775 1083 JUVENTUTIS
814 1038 1000 1079 CORONA
1039 1037 1316 1084 LECTISSIMA,
1355 1035 1686 1077 COMMILITONES

599 1129 836 1165 CARISSIMI!

241 1293 330 1327 VOS
362 1291 557 1337 DENIQUE
587 1290 770 1326 OMNIUM
801 1287 1011 1329 ORDINUM
1042 1286 1295 1326 AUDITORES
1326 1284 1633 1328 HUMANISSIMI!

1503 1443 1688 1477 LxssQARv

1475 1492 1578 1522 NEW
1594 1496 1707 1527 VORK

786 1535 1197 1557 -ψ-ψνι-μν-ν-
1377 1585 1393 1594 ..
1468 1540 1711 1590 QOTANICAL

1499 1592 1615 1626 Gelli}
1622 1596 1675 1625 ΞΝ

241 1724 351 1794 EST
383 1753 531 1804 quidem
557 1758 697 1789 naturae
723 1751 893 1788 humanae
924 1751 1047 1786 innata
1071 1750 1295 1799 proclivitas,
1324 1749 1396 1800 qu&
1423 1762 1616 1795 conamur,
1644 1762 1740 1786 sem-

240 1829 305 1866 per
339 1815 523 1864 inquirere
552 1813 591 1849 in
617 1813 695 1859 illa,
730 1825 812 1862 quae
838 1811 1018 1857 abstrusa,
1050 1811 1233 1860 incognita
1262 1817 1299 1847 et
1325 1810 1452 1860 procul
1480 1824 1501 1847 a
1527 1809 1629 1847 nobis
1654 1818 1741 1853 sunt

241 1882 391 1913 remota.

289 1937 392 1971 Licet.
432 1935 536 1984 plura
577 1932 690 1970 oculis
728 1934 856 1970 nostris
893 1935 994 1982 quasi
1034 1932 1194 1984 subjecta
1236 1933 1307 1968 sint
1345 1932 1550 1981 incognita,
1589 1939 1626 1967 et
1659 1945 1740 1981 quae

241 2010 383 2033 summo
437 1996 517 2045 jure
565 1995 835 2044 inquisitionem
873 1993 1092 2043 profundam
1135 1999 1342 2029 mereantur
1356 2021 1365 2038 ‚
1421 2000 1579 2028 attamen
1622 1992 1741 2029 dissita

242 2059 361 2106 potius
399 2057 612 2106 quaerimus3
648 2055 747 2091 haud
782 2054 968 2091 dissimiles
1006 2055 1185 2092 viatorum
1219 2053 1402 2103 plurimis,
1449 2054 1513 2102 qui
1549 2052 1738 2090 itineribus

242 2117 468 2154 delectantur
501 2117 539 2152 in
572 2117 735 2165 regiones
762 2115 866 2154 valde
890 2116 1044 2161 dissitas,
1078 2115 1195 2161 lacus,
1231 2121 1371 2150 montes
1399 2114 1535 2151 dissitos
1570 2127 1739 2164 perscrib-

244 2185 385 2227 tantur‚
431 2184 467 2213 et
504 2179 543 2217 in
579 2177 725 2215 illorum
768 2177 1079 2226 compositionem,
1110 2176 1362 2212 formationem
1404 2175 1614 2223 inquirunt,
1654 2187 1738 2210 cum

244 2237 449 2277 suburbana
476 2251 540 2275 sua
567 2239 717 2277 minime
744 2245 975 2293 cognoscant,
1005 2238 1116 2279 immo
1142 2237 1187 2275 de
1214 2237 1394 2287 proposito
1424 2235 1620 2286 negligant.
