1924 2640
239 306 324 331 cum
351 293 564 329 animalium
591 293 699 329 hodie
725 293 986 329 exstinctorum
1014 294 1206 342 generibus
1226 295 1393 345 plurimis
1425 298 1612 338 luculenta
1641 303 1738 341 indi-

238 355 291 390 cia
314 354 451 403 praebet
473 361 583 390 status
612 353 707 403 globi
734 355 915 402 terraquei
942 367 963 389 a
993 354 1168 391 hodierno
1191 369 1301 406 quam
1328 359 1485 396 maxime
1509 361 1652 400 diversi.

287 414 460 450 Prohibet
494 421 617 450 autem
655 413 764 450 breve
792 413 838 449 ad
867 413 1062 450 dicendum
1092 417 1183 452 mihi
1217 432 1425 456 concessum
1457 426 1627 473 temporis
1654 438 1737 475 spa—-

237 477 348 520 tium,
377 488 424 511 ne
448 475 528 512 vela
557 475 664 510 nimis
687 474 898 520 tendamus,
930 487 1024 512 neve
1049 477 1118 511 iter
1151 478 1258 513 nimis
1284 479 1527 530 longinquum
1561 486 1736 535 suscipiat

235 547 317 571 mus
344 536 381 570 in
419 536 510 570 mari
543 535 618 570 huc
651 547 767 583 usque
792 535 914 571 minus
949 536 1192 584 frequentato.
1230 540 1358 577 Dicam
1387 543 1499 591 igitur
1531 545 1576 580 ‹le
1608 548 1735 583 Floroe

235 595 366 630 mundi
410 596 634 643 primigenii
682 595 857 643 reliquiis
905 596 946 631 in
994 597 1288 635 lithantlzrczeum
1328 600 1479 649 fodinis
1522 609 1734 653 praesertim

236 656 479 690 conservatis.
583 660 587 665 ”

283 714 446 750 Materiei
471 714 608 750 novitas
637 714 816 762 conspirat
843 727 927 751 cum
955 717 1103 752 oratoris
1138 718 1336 767 imperitizi,
1369 735 1441 771 quo
1468 725 1589 762 minus
1616 740 1732 765 sermo

234 787 337 810 meus
369 774 533 823 gravitati
566 775 771 823 argumenti
798 775 1022 824 respondeat.

284 834 394 869 Omni
435 834 601 869 orationis
631 841 761 870 ornatu
788 835 954 871 orbatum
981 850 1183 875 sermonem
1210 841 1321 890 aequis
1348 843 1475 879 animis
1507 852 1549 882 ut
1577 848 1731 897 accipia-

234 894 297 940 tis,
326 893 561 931 vehementer
593 894 636 930 A.
667 895 712 930 O.
742 908 803 933 vos
826 902 965 945 rogatos
998 897 1090 934 volo.

281 1131 396 1167 Nemo
418 1139 535 1178 certe,
563 1133 627 1182 qui
655 1133 713 1170 vel
741 1133 938 1171 mediocres
956 1142 1099 1173 tantum
1119 1138 1157 1173 in
1175 1139 1332 1175 scientiis
1353 1142 1577 1179 naturalibus
1601 1145 1729 1182 fecerit

228 1203 452 1240 progressus,
477 1194 634 1242 ignorat,
670 1194 826 1229 Telluris
847 1195 974 1246 hujus,
1001 1210 1111 1246 quam
1136 1199 1356 1247 incolamus,
1385 1202 1515 1239 faciem
1536 1217 1609 1239 non
1632 1218 1728 1241 sem—

228 1264 294 1299 per
316 1252 427 1287 fuisse
453 1244 622 1299 eandem,
651 1266 775 1300 nemO,
800 1255 884 1291 licet
908 1257 967 1294 vel
990 1271 1180 1307 nunquam
1201 1267 1341 1296 naturae
1364 1275 1491 1298 arcana
1513 1265 1726 1313 inspexerit,

228 1323 352 1346 versus
379 1318 499 1347 tamen
531 1313 676 1359 Ovidii,
706 1315 890 1361 Lucretii,
923 1317 1106 1354 variorum
1138 1332 1212 1354 non
1246 1323 1445 1369 cognoscit,
1477 1336 1597 1373 neque
1625 1325 1726 1362 lusus

226 1369 305 1406 illos
331 1372 439 1407 unice
466 1372 622 1420 poeticos
647 1372 803 1423 judicat:

453 1464 537 1496 Vidi
569 1476 630 1509 ego
659 1465 750 1511 quod
762 1467 885 1511 ficerat
916 1469 1076 1514 quondam
1100 1471 1300 1506 solidissima
1329 1473 1437 1507 Tellus

449 1518 536 1552 Esse
550 1520 697 1564 fi‘etum,
722 1522 799 1554 vidi
811 1523 930 1567 factas
953 1537 995 1558 ex
1020 1538 1161 1572 aequore
1186 1533 1288 1560 terras

449 1574 499 1606 Et
521 1576 641 1618 procul
662 1588 683 1608 a
704 1577 824 1622 pelago
849 1579 973 1612 conchae
993 1583 1129 1624 jacuere
1161 1585 1306 1615 marinoe.

273 1662 483 1708 Testantur,
517 1676 598 1712 quae
624 1665 662 1700 in
690 1667 839 1701 summis
862 1668 1041 1703 montium
1065 1669 1316 1707 altissimorum
1338 1672 1433 1723 jugis
1465 1675 1639 1711 immensa
1662 1691 1724 1713 co-

223 1722 281 1770 pi&
306 1723 456 1771 sepultae
482 1722 602 1773 jacent
630 1725 799 1771 conchae,
834 1728 958 1762 oceani
989 1741 1099 1777 aquas
1131 1737 1236 1766 antea
1264 1745 1372 1781 supra
1404 1736 1582 1771 montium
1614 1750 1724 1773 cacu-

223 1782 321 1818 mina
364 1783 473 1818 fuisse
505 1790 664 1831 erectas;
702 1792 879 1822 testantur
923 1787 1031 1834 lavae,
1074 1791 1264 1838 pumicum
1278 1819 1287 1836 ,
1333 1794 1570 1844 cinerumque
1602 1799 1724 1834 massis

221 1842 405 1877 immensis
432 1849 535 1878 te’ctae
563 1845 727 1892 regiones
753 1846 920 1895 plurimae
934 1874 943 1892 ,
977 1850 1159 1886 montium
1190 1852 1458 1900 ignivomorum
1485 1862 1619 1892 tractus
1648 1871 1723 1894 sese

221 1901 328 1950 longe
355 1902 499 1951 lateque
532 1904 757 1951 extendisse,
787 1912 965 1944 testantlu·
991 1916 1100 1945 strata
1126 1911 1283 1960 plurima
1308 1925 1354 1949 ex
1381 1917 1505 1951 oceani
1532 1918 1634 1966 aquis
1656 1918 1722 1954 de—

220 1962 334 2010 posita
374 1968 410 1998 et
452 1963 663 2000 animalium
702 1967 951 2014 aquaticorum
994 1971 1133 2007 exuviis
1178 1972 1314 2020 repleta
1357 1987 1442 2011 cum
1479 1975 1719 2024 basaltarum‚

221 2021 447 2070 aliarumque
479 2023 746 2061 volcanicarum
773 2026 1017 2077 dejectionum
1049 2031 1166 2065 stratis
1191 2031 1422 2079 alternantia,
1452 2036 1631 2083 quomodo
1653 2037 1720 2074 sub

219 2083 303 2130 ipsis
331 2085 433 2131 aquis
468 2085 614 2120 marinis
642 2092 746 2122 antea
784 2088 860 2124 vim
893 2101 995 2125 suam
1026 2090 1238 2127 indomitam
1268 2105 1463 2129 exercuere
1496 2096 1598 2144 ignes
1631 2097 1719 2134 sub-

220 2144 387 2179 terranei.
427 2164 477 2172 —
509 2144 638 2193 Neque
670 2153 813 2183 tantum
839 2149 962 2198 plures
990 2150 1098 2187 hodie
1127 2151 1172 2187 ad
1204 2152 1438 2189 fertilissimas
1465 2156 1628 2205 regiones
1656 2171 1716 2194 re-

219 2202 360 2238 ferendi
392 2210 496 2239 terrae
523 2211 657 2241 tractus
683 2214 788 2243 antea
821 2211 944 2245 oceani
974 2212 1075 2260 aquis
1107 2218 1210 2248 tectae
1238 2213 1361 2260 fuere,
1392 2214 1455 2264 sed
1486 2223 1593 2262 sunt,
1629 2230 1716 2266 quas

219 2263 335 2311 primo
357 2265 459 2313 aquis
486 2266 648 2313 marinis,
683 2267 813 2305 deinde
840 2271 942 2320 aquis
969 2272 1157 2319 dulcibus,
1190 2280 1269 2322 post
1295 2275 1430 2312 iterum
1450 2277 1615 2324 marinis,
1643 2278 1715 2315 ite-
