1924 2640
847 166 953 213 (4)

202 245 446 295 Philosophis,
479 246 778 296 Psychologisque
811 247 1048 295 relinquenda
1083 253 1136 283 est
1170 249 1383 298 disquisitio,
1413 265 1456 288 an
1486 262 1522 291 et
1545 270 1640 305 quo—-

153 307 258 342 modo
282 320 364 342 cum
393 320 608 355 organorum
634 305 832 351 structura,
857 307 914 343 vel
937 307 965 341 si
988 308 1181 354 mavelitis,
1213 323 1298 345 cum
1321 312 1524 350 intellectus
1547 329 1640 365 qua—

151 367 311 403 litatibus
349 366 522 401 cohaereat
555 367 672 402 haecee
710 367 878 402 humanae
911 368 1041 403 mentis
1080 368 1281 418 dispositio,
1316 379 1352 407 et
1386 374 1450 418 iis,
1501 377 1565 423 qui
1601 379 1639 414 in

151 441 273 463 causas
306 427 427 462 finales
460 428 671 475 inquirunt,
707 428 884 476 quomodo
919 428 963 464 ad
997 428 1087 465 utile
1120 430 1384 480 qualecumque
1420 434 1496 470 haec
1530 437 1638 472 etiam

151 488 329 536 dispositio
357 501 440 522 cum
470 490 604 522 caeteris
634 490 822 537 conspiret.

199 548 298 583 Nihil
321 548 521 595 perversius
551 548 642 583 nihil
668 548 772 598 pejus
796 561 1000 594 censemus,
1031 562 1141 598 quam
1170 551 1315 587 omnino
1342 552 1407 588 sibi
1438 553 1506 589 hac
1539 556 1577 591 in
1599 569 1639 592 re

148 607 358 655 indulgere,
402 608 550 643 minime
588 608 688 643 nobis
715 621 816 644 mens
847 616 901 645 est
932 616 1071 645 naturae
1108 611 1299 657 miracula,
1330 626 1410 661 quae
1438 615 1539 651 nobis
1572 617 1640 652 sub

148 666 261 702 oculis
293 673 377 701 sunt
409 668 543 715 posita,
581 668 812 716 negligendi,
846 675 890 704 ut
922 681 941 704 e
979 669 1177 718 longinquo
1211 671 1255 707 ad
1291 685 1355 707 nos
1387 674 1491 709 allata
1529 677 1638 713 unice

146 739 417 775 prosequemur.
452 728 599 762 Minime
629 729 808 776 gentium!
836 749 885 756 —
906 729 1014 765 Haud
1040 736 1160 765 tamen
1189 731 1399 779 diffitemur,
1430 747 1504 770 esse
1528 737 1639 772 etiam

145 788 184 822 in
211 787 312 822 nobis
339 788 432 822 hanc
463 789 760 836 propensionem,
790 795 833 824 ut
858 789 898 823 in
928 787 1120 834 omnibus,
1152 791 1261 826 immo
1291 805 1416 841 spero,
1447 795 1490 830 A.
1520 796 1565 831 O.
1594 804 1638 832 ut

144 846 314 883 humanae
340 847 523 895 fragilitati
550 849 754 896 ignoscatiS,
784 848 812 883 si
849 848 916 897 ipsi
951 855 988 884 et
1013 861 1102 897 ego,
1134 850 1253 886 forsan
1285 852 1352 887 hac
1377 854 1504 890 ultima
1532 857 1635 905 vice,

143 906 372 955 indulgeam:
400 926 449 934 ·-
470 907 498 941 si
518 913 639 942 autem
663 907 890 956 indulgeam,
918 920 991 944 non
1011 909 1239 947 mediocriter
1265 913 1470 962 indulgere,
1493 915 1555 952 sed
1577 916 1637 953 vel

146 966 192 1002 de
219 967 459 1002 remotissimis
487 966 594 1002 verba
622 967 741 1003 facere
769 968 861 1005 volo.

193 1026 257 1061 Ast
278 1026 407 1062 inculti
433 1027 544 1071 foret,
571 1028 600 1062 si
625 1028 733 1063 unice
755 1028 906 1077 propriis
933 1029 1023 1064 meis
1048 1029 1341 1069 inclinationibus
1363 1033 1486 1071 favere
1518 1036 1634 1071 aude-

140 1098 238 1132 rem,
268 1092 305 1121 et
337 1085 446 1135 hujus
472 1088 713 1135 perversitatis
741 1089 1008 1125 excusationem
1041 1103 1240 1138 quaererem
1279 1093 1319 1128 in
1356 1096 1539 1130 commimi
1566 1096 1637 1131 ho·-

140 1147 284 1183 minum
311 1147 442 1182 indole.
482 1147 661 1196 Equidem
693 1161 766 1183 non
801 1162 945 1197 possum
971 1162 1045 1185 non
1073 1151 1257 1199 cognitum
1284 1152 1435 1200 habere,
1468 1155 1556 1203 quid
1577 1156 1636 1191 de-

139 1206 246 1242 beam
279 1219 416 1242 coronae
443 1206 531 1243 huic
562 1208 780 1246 Auditorum
806 1210 1159 1248 honoratissimorum
1192 1214 1444 1260 ornatissimae;
1480 1217 1568 1264 quin
1598 1224 1635 1253 et

139 1267 309 1303 audacter
346 1268 542 1314 confidam,
580 1270 764 1306 nemiuem
803 1270 975 1307 Vestrum
1009 1284 1068 1307 me
1106 1278 1180 1307 tam
1218 1273 1348 1308 rudem
1378 1281 1415 1309 et
1452 1275 1634 1312 incultum

138 1327 312 1374 salutare,
342 1329 406 1376 qui
438 1329 709 1376 praefecturam,
738 1331 863 1379 ignoro
888 1332 981 1367 sitne
1006 1331 1109 1367 Horti
1138 1332 1323 1379 Botanici,
1351 1347 1398 1369 an
1420 1334 1513 1370 villae
1541 1335 1633 1372 divae

136 1387 165 1422 F
167 1387 250 1423 lorae
277 1387 393 1423 cultui
413 1387 555 1434 dicatae,
583 1389 622 1424 in
644 1403 702 1425 ine
729 1391 940 1439 suscipiens,
967 1391 1007 1426 in
1030 1391 1148 1427 media
1170 1392 1280 1429 hacce
1297 1393 1388 1429 urbe
1407 1394 1540 1443 inclyta
1563 1409 1631 1444 po·-

137 1448 243 1492 situs,
271 1448 310 1483 in
336 1447 407 1496 qua
433 1448 545 1484 Florae
566 1449 684 1485 cultus
711 1463 730 1485 a
756 1450 858 1487 nullo
887 1452 1023 1487 civium
1044 1459 1097 1487 est
1120 1452 1276 1498 alienus,
1303 1466 1377 1489 non
1401 1462 1437 1490 et
1467 1455 1534 1491 hac
1554 1457 1630 1505 ipsa

138 1508 304 1542 orationis
347 1507 603 1559 qualicumque
645 1510 785 1558 specie,
823 1510 893 1546 illis
933 1510 1098 1547 omnibus
1137 1524 1196 1547 me
1245 1520 1435 1562 acceptum
1478 1516 1630 1552 reddere

137 1579 295 1603 conarer.

186 1628 279 1664 Cum
306 1635 428 1664 autem
449 1635 647 1678 utrumque
671 1630 764 1667 illud
787 1631 1026 1682 conjungere,
1050 1645 1182 1682 nempe
1210 1640 1247 1668 et
1274 1633 1318 1668 de
1341 1633 1471 1681 plantis
1491 1647 1629 1672 sermo-

134 1700 220 1723 nem
246 1687 378 1724 hahere
405 1695 442 1724 et
467 1689 511 1725 de
538 1702 576 1725 re
601 1691 750 1727 minime
776 1691 859 1727 trita
886 1692 1004 1740 loqui,
1040 1693 1183 1741 cupiam
1207 1706 1325 1728 coram
1348 1692 1478 1739 Vobis,
1506 1695 1549 1730 A.
1581 1696 1627 1732 O.

133 1748 333 1784 secundmn
361 1750 545 1798 cognitum
577 1750 669 1786 illud
700 1759 736 1787 et
763 1752 861 1800 quod
889 1753 928 1788 in
960 1753 1124 1788 omnium
1154 1765 1217 1788 ore
1249 1759 1324 1797 est,
1359 1759 1401 1788 ut
1427 1755 1547 1790 navita
1580 1755 1626 1791 de

133 1809 266 1853 ventis,
295 1808 339 1844 de
372 1815 476 1845 tauro
502 1818 622 1845 narrat
650 1819 788 1857 arator,
821 1825 893 1847 non
923 1814 1025 1861 potui
1052 1825 1126 1848 non
1158 1812 1217 1850 vel
1246 1812 1339 1848 ultro
1372 1823 1627 1852 concurrentes

132 1868 261 1904 habere
283 1870 320 1904 in
348 1872 533 1906 materiem
547 1899 556 1916 ,
585 1885 693 1920 quam
719 1872 828 1908 Vobis
857 1886 937 1909 sum
960 1873 1225 1922 propositurus,
1261 1874 1424 1909 omnium
1456 1887 1622 1912 mearum

134 1929 388 1975 cogitationum
416 1930 543 1966 radios.

179 1989 242 2024 Est
278 1997 399 2026 autem
434 1991 576 2027 dicendi
615 1992 735 2028 haecce
771 1994 948 2028 materies.
998 1993 1101 2029 Flora
1139 1992 1268 2029 mundi
1302 1994 1518 2042 primigenii.
1568 1996 1623 2031 De

130 2048 158 2083 F
160 2048 233 2084 lora
265 2050 371 2086 verba
398 2051 545 2096 faciam,
575 2053 619 2087 A.
650 2053 694 2088 Ο.
719 2066 792 2088 non
815 2053 859 2089 de
885 2053 1006 2099 Flora,
1037 2053 1181 2102 qualem
1202 2053 1319 2088 laetam
1346 2060 1383 2089 et
1409 2054 1624 2102 splendidis-

129 2109 218 2144 simo
244 2117 372 2146 ornatu
403 2112 609 2160 insignitam
645 2112 753 2148 hodie
790 2114 927 2150 telluris
960 2115 1188 2163 superficiem
1227 2121 1409 2163 tegentem
1445 2117 1622 2164 conspici-

130 2182 228 2214 mUS,
258 2170 319 2205 sed
348 2171 392 2206 de
421 2172 523 2207 Flora
550 2173 611 2208 illa
638 2173 842 2222 incognita,
875 2174 1003 2210 mimdi
1033 2175 1238 2224 primigenii
1265 2187 1374 2223 quam
1403 2175 1544 2222 dicunt,
1574 2176 1619 2212 de

128 2228 230 2265 Flora
258 2229 319 2266 illa
345 2231 505 2279 sepulta,
538 2245 618 2281 quae
641 2233 708 2271 sub
734 2234 798 2271 soli
828 2236 965 2283 stratis,
1003 2234 1134 2285 quibus
1160 2248 1224 2271 nos
1248 2235 1463 2282 insistimus,
1491 2235 1621 2273 obruta
