1924 2640
934 226 1044 275 (9)

284 313 440 351 Videtur
462 313 588 362 primis
613 312 683 348 illis
714 310 954 360 temporibus,
988 309 1131 358 quando
1155 308 1280 357 globus
1305 316 1425 345 noster
1454 318 1662 360 terraqueus
1690 314 1733 349 ad

234 374 339 411 illum
375 374 500 409 caloris
548 373 700 422 gradum
741 372 937 421 perductus
969 371 1101 414 fuerit,
1148 378 1190 405 ut
1220 372 1258 405 in
1297 384 1339 406 eo
1378 385 1524 420 corpora
1567 375 1732 421 organica

235 436 405 472 exsistere
430 440 590 482 possent,
625 433 750 482 globus
777 432 880 467 hicce
911 444 1044 466 oceano
1075 430 1119 466 ab
1145 431 1243 465 omni
1270 438 1372 478 parte
1405 432 1514 466 fuisse
1549 434 1734 469 involutus

234 501 271 530 et
297 494 475 538 obtectus,
513 495 562 528 ita
587 501 629 529 ut
651 505 805 528 oceanus
833 491 892 528 vel
920 492 1100 526 montium
1127 490 1379 526 altissimorum
1409 494 1597 528 cacumina
1625 506 1734 542 supe-

233 561 347 598 raret,
370 554 623 589 altissimorum
641 553 736 597 dico,
765 559 801 587 et
827 558 912 587 sunt
934 558 1030 587 certe
1054 551 1233 595 altissimi,
1256 552 1284 586 si
1301 566 1384 587 cum
1408 555 1584 589 mensuris
1606 556 1735 590 nostris

232 615 442 663 vulgaribus
470 620 742 662 comparentur3
771 613 912 650 minimi
940 618 1063 646 autem
1082 612 1339 657 inveniuntur,
1362 614 1390 646 si
1416 614 1460 649 ad
1477 614 1631 650 Telluris
1655 616 1734 651 dia—

232 681 391 713 metrum
412 675 633 719 referantur,
653 675 702 708 ita
720 679 781 717 ut,
803 673 888 708 licet
907 679 1046 707 montes
1066 671 1173 719 longe
1195 679 1404 720 superantes
1422 681 1582 710 montem
1599 675 1732 712 Album

233 736 291 772 vel
313 743 473 772 montem
499 735 730 770 Chimborazo
756 735 857 782 aquis
885 740 1111 782 tegerentur,
1140 733 1345 780 superficies
1373 740 1491 768 tamen
1522 734 1601 784 ejus
1628 737 1733 773 valde

231 796 416 844 aequabilis
438 802 474 831 et
497 795 642 830 omnino
666 796 849 830 rotationis
874 794 1054 830 velocitati
1077 792 1294 841 respondens
1317 793 1387 828 ‹lici
1403 801 1529 842 posset.

280 856 408 905 Neque
439 856 522 901 (liu,
556 857 584 891 si
618 856 676 892 vel
706 856 867 904 perfecte
900 854 1083 903 aequabilis
1114 855 1241 890 fuisset
1274 853 1370 902 globi
1399 856 1622 903 superficies,
1655 859 1732 894 talis

231 917 398 952 mansisse
426 918 617 965 potuisset,
648 923 900 964 temperaturae
930 917 1028 950 enim
1073 914 1275 950 distributio
1303 929 1376 950 non
1411 917 1459 952 ita
1493 930 1558 965 per
1588 931 1730 956 omnem

228 990 379 1014 massam
397 978 572 1026 regularis
593 990 667 1012 esse
687 977 823 1025 potuit,
846 977 935 1024 quin
957 975 1051 1024 aqua
1071 975 1131 1010 hic
1153 977 1286 1024 magis,
1306 976 1380 1011 11110
1403 977 1523 1012 minus
1541 978 1730 1026 calefacta,

227 1039 268 1073 in
296 1045 470 1073 torrentes
496 1037 826 1075 vehementissimos
854 1035 1132 1084 compelleretur
1159 1047 1332 1080 oceanus,
1360 1037 1424 1085 qui
1454 1044 1551 1073 certe
1577 1041 1732 1088 superfi-

229 1099 322 1135 ciem
337 1099 492 1134 Telluris
510 1100 549 1134 in
566 1098 675 1135 valles
692 1096 889 1146 profundas
909 1102 1149 1132 excavassent.
1168 1095 1334 1141 Accedit,
1353 1104 1509 1134 crustam
1525 1099 1623 1148 globi
1639 1101 1732 1149 ignis

227 1161 367 1195 actione
390 1160 467 1195 fere
494 1159 631 1208 ubique
661 1158 884 1202 diffractam,
912 1163 1135 1202 contortam,
1163 1156 1338 1193 elevatam
1367 1159 1497 1205 fuisse,
1526 1167 1562 1195 et
1586 1174 1631 1196 ex
1654 1163 1730 1211 ipso

227 1219 324 1269 globi
354 1220 486 1255 nucleo
513 1232 578 1268 per
605 1219 728 1268 plures
751 1219 858 1254 rimas
885 1224 922 1253 et
942 1230 1009 1266 per
1032 1217 1130 1254 varia
1156 1218 1290 1252 orificia
1315 1225 1489 1255 torrentes
1510 1222 1625 1257 varios
1651 1235 1731 1258 ma-

227 1280 330 1316 teriei
346 1280 430 1328 igne
453 1280 542 1316 fusae
565 1293 672 1328 supra
694 1279 771 1328 ejus
794 1286 951 1314 crustam
972 1278 1135 1323 fluxisse,
1161 1285 1270 1327 atque
1294 1279 1417 1328 plures
1438 1282 1575 1317 cineres
1598 1281 1730 1333 ejectos

225 1340 337 1376 fuisse
359 1340 485 1376 eadem
507 1340 587 1385 ills,
612 1340 887 1389 qualiscumque
908 1340 971 1385 sit,
994 1339 1049 1385 vi,
1074 1352 1184 1388 quam
1206 1347 1242 1375 et
1264 1353 1328 1376 nos
1352 1340 1459 1377 hodie
1484 1343 1523 1377 in
1545 1343 1729 1381 montibus

225 1399 411 1437 Vulcaniis
437 1401 630 1449 stupefacti
655 1401 887 1436 admiramur.

275 1461 345 1498 Sed
368 1474 442 1496 non
467 1462 515 1496 ita
542 1462 648 1497 fuere
674 1461 811 1510 ubique
838 1462 979 1510 agitatae
1008 1463 1132 1498 oceani
1153 1461 1265 1513 hujus
1289 1462 1457 1501 Universi
1482 1478 1607 1514 aquae,
1636 1468 1726 1515 quin

225 1521 285 1557 hic
305 1521 379 1557 illic
402 1522 569 1559 animalia
591 1529 628 1557 et
652 1522 863 1571 vegetabilia
888 1523 1021 1558 nutriri
1045 1530 1210 1572 possent,
1237 1537 1358 1573 neque
1385 1538 1525 1574 semper
1544 1526 1671 1562 iisdem
1688 1528 1727 1563 in

223 1582 338 1632 plagis
364 1584 544 1618 montium
566 1582 829 1620 Vulcaniorum
851 1585 943 1619 actio
963 1585 1095 1631 saeviit,
1120 1584 1183 1620 sed
1198 1585 1253 1620 uti
1275 1592 1311 1620 et
1330 1585 1503 1621 hodierna
1524 1593 1577 1621 est
1596 1586 1727 1623 horum

225 1644 450 1689 constitutio,
471 1657 571 1680 nunc
593 1646 758 1690 cessavit,
782 1658 867 1680 mox
889 1645 1009 1681 denuo
1031 1646 1184 1690 exarsit,
1206 1653 1314 1694 atque
1336 1646 1441 1682 fuere
1468 1647 1573 1694 plura
1595 1649 1725 1696 quietis

223 1705 431 1750 intervalla,
456 1712 494 1740 et
517 1706 612 1741 inter
635 1718 676 1741 ea
699 1706 876 1742 nonnulla
899 1712 951 1741 sat
975 1706 1094 1755 longa.
1117 1706 1291 1741 Monstrat
1311 1708 1408 1742 enim
1435 1707 1595 1756 geologia
1617 1715 1726 1745 strata

223 1764 329 1814 plura
358 1772 486 1802 crustae
514 1767 706 1814 primitivae
733 1780 818 1802 111οΧ
849 1768 1037 1816 imposita,
1066 1780 1147 1816 quae
1175 1768 1271 1803 inter
1299 1781 1336 1803 50
1365 1768 1595 1814 alternantia,
1623 1782 1724 1806 nunc

223 1826 326 1874 regni
350 1827 507 1874 organici
530 1826 705 1875 producta
730 1827 827 1864 lenta
852 1829 1048 1864 fluminum
1075 1828 1367 1864 submarinorum
1392 1831 1550 1876 actione,
1578 1831 1617 1865 in
1637 1844 1725 1879 pro-

222 1885 347 1922 fundis
371 1886 523 1923 vallibus
545 1887 684 1936 sepulta
709 1889 899 1934 exhibent,
922 1903 1006 1925 mox
1030 1889 1299 1925 combustorum
1322 1903 1450 1925 massas
1475 1901 1583 1939 supra
1605 1892 1725 1939 priora

223 1947 353 1983 effusas
379 1948 592 1994 ostendunt,
621 1949 829 1986 vehementi
853 1952 992 1986 actione
1018 1951 1203 2000 depositas.
1226 1951 1319 1986 Sunt
1342 1951 1420 1986 haec
1442 1953 1544 1999 regni
1566 1953 1724 2000 organici

222 2008 415 2057 producta,
442 2009 706 2058 madriporites,
736 2010 926 2056 trilobites,
956 2013 1185 2056 ammonites,
1211 2024 1285 2047 uno
1313 2011 1422 2048 verbo
1446 2012 1506 2046 illa
1531 2013 1697 2049 animalia
1711 2041 1721 2058 ,

223 2081 379 2118 quorum
396 2069 544 2117 analoga
561 2070 598 2105 in
616 2071 718 2119 aquis
733 2072 880 2107 marinis
899 2071 1054 2120 degunt,
1073 2073 1166 2107 sicut
1183 2071 1438 2121 vegetabilium
1454 2073 1721 2121 aquaticorum,

222 2128 409 2174 fucorum,
438 2130 655 2168 similiumve
684 2131 845 2181 reliquiae
873 2134 1075 2182 specierum
1097 2133 1204 2168 hodie
1227 2134 1505 2182 incognitarum.

271 2191 328 2225 En
352 2191 479 2239 igitur,
505 2191 548 2226 A.
575 2192 639 2237 O.,
664 2192 776 2228 Florae
797 2201 925 2229 nostrae
944 2201 1133 2243 protogaeae
1155 2194 1272 2242 prima
1293 2200 1546 2238 monumenta,
1571 2192 1720 2243 ejusque

222 2251 494 2299 antiquissimae,
523 2251 602 2297 sed,
622 2253 713 2301 proh
742 2253 859 2290 dolor!
880 2257 940 2293 vix
963 2256 1149 2305 quidpiam
1169 2256 1281 2304 ipsius
1304 2255 1465 2303 reliquiae
1487 2268 1551 2290 nos
1571 2255 1718 2301 docent,

222 2318 462 2361 praeterquam
497 2312 593 2362 quod
624 2320 728 2350 antea
762 2317 863 2365 regni
897 2316 1105 2365 vegetabilis
1134 2323 1274 2366 partem
1304 2316 1512 2362 effecerint,
1545 2322 1581 2352 et
1607 2317 1720 2352 Florae

1425 2372 1441 2390 2
