1924 2640
853 242 869 287 (
900 254 939 276 ¹2
967 241 984 287 )

171 329 263 379 jugis
297 325 547 364 elevatioribus
576 334 744 369 crevere,
780 322 877 358 lente
908 321 1100 357 fluminum
1128 333 1236 357 cursu
1267 321 1312 356 ad
1341 321 1471 370 pedem
1501 324 1661 371 ipsorum

170 390 301 425 horum
319 389 496 423 montium
512 386 604 420 infra
629 396 756 432 aquas,
775 383 885 420 valles
908 382 1115 419 adhucdum
1135 382 1332 431 replentes,
1354 382 1463 419 fuisse
1484 383 1658 432 deposita,

170 457 206 485 et
229 449 430 483 alternatim
458 445 514 481 vel
534 445 664 480 horum
683 445 861 479 montium
883 443 1014 479 rudere
1038 443 1096 480 vel
1116 444 1236 479 massis
1255 443 1446 479 combustis
1465 456 1511 479 exn
1533 444 1660 480 abditis

168 509 307 545 telluris
330 506 572 556 penetralibus
595 504 735 555 ejectis,
758 505 866 539 fuisse
887 504 1037 539 obtecta.
1522 496 1525 498 ⁵

216 569 365 603 Minime
390 568 594 614 ignoramus
608 593 617 609 ,
637 565 811 612 plurimos
828 565 936 599 fuisse
949 591 958 609 ,
982 571 1090 612 atque
1114 565 1208 600 inter
1226 564 1304 600 illos
1324 565 1473 599 minime
1496 571 1660 599 contem—

167 628 301 663 nendos
332 634 470 662 naturae
498 632 725 669 scrutatores,
756 625 818 672 qui
848 636 999 659 massam
1025 624 1549 669 bituminoso—carbonaceam,
1578 636 1660 672 qua?

166 687 422 723 lithanthraces
443 687 550 731 sistit,
569 686 718 720 minime
741 683 959 733 productum
982 696 1055 719 esse
1073 686 1175 733 regni
1194 684 1401 733 vegetabilis
1418 684 1657 729 contendunt,

165 747 227 783 sed
252 748 351 782 illam
375 747 476 795 aquis
501 746 610 781 fuisse
633 745 802 789 solutam,
826 745 926 779 haud
951 757 1051 780 secus
1079 759 1121 780 ac
1151 752 1267 790 creta,
1291 745 1492 794 similiaque
1518 758 1562 779 ex
1589 745 1659 780 illis

165 809 291 857 procul
319 808 428 843 dubio
460 808 694 856 praecipitatag
723 812 775 840 ast
801 805 962 853 profecto
994 805 1107 840 obstat
1138 818 1263 841 eorum
1291 806 1466 854 opinioni,
1498 804 1659 840 duriores

165 882 258 918 saepe
278 869 484 917 plantarum
511 875 629 916 partes
650 868 687 902 in
707 865 782 914 ipsa
806 865 918 900 massa
937 865 1101 913 pultacea
1125 866 1282 913 integros
1300 872 1337 900 et
1359 866 1493 914 optime
1514 877 1659 900 conser—

163 938 261 967 vatos
278 931 445 978 reperiri,
471 930 558 977 quin
577 935 613 963 et
629 927 833 963 molliorum
847 927 1005 974 partium
1022 926 1270 974 impressiones
1292 927 1330 960 in
1350 932 1444 960 tecto
1461 926 1559 960 strati
1575 952 1583 968 ,
1603 926 1658 959 uti

162 991 375 1039 loquuntur,
388 990 425 1025 id
442 996 494 1025 est
503 1018 512 1034 ,
525 991 563 1024 in
575 995 682 1023 strato
696 987 902 1022 immediate
915 987 1100 1022 anthraces
1113 993 1256 1035 tegente
1271 987 1443 1034 plurimas
1457 985 1633 1021 observari
1646 999 1656 1030 3

162 1063 282 1099 neque
304 1051 439 1085 mirum
461 1062 534 1084 esse
559 1062 578 1083 c
598 1048 728 1096 plantis
741 1075 750 1093 ,
771 1047 838 1083 sub
859 1046 951 1095 aqua
975 1047 1039 1082 diu
1063 1060 1143 1095 quae
1166 1046 1366 1090 haeserunt,
1395 1046 1529 1080 factam
1547 1045 1657 1080 fuisse

163 1123 314 1146 massam
340 1110 616 1157 homogencam,
642 1109 679 1142 in
704 1108 774 1156 qua
802 1121 875 1143 non
902 1108 1017 1143 multa
1045 1113 1175 1155 praeter
1202 1105 1371 1141 arborum
1394 1106 1557 1150 cortices,
1583 1119 1658 1153 pu·-

162 1171 303 1207 tredine
326 1183 398 1205 non
423 1170 528 1204 facile
557 1168 792 1212 adliciendos,
816 1174 853 1202 et
880 1167 1070 1202 nonnullas
1096 1167 1234 1215 plantas
1253 1167 1292 1200 in
1310 1165 1410 1200 dorso
1425 1166 1540 1210 strati,
1559 1165 1656 1213 quod

163 1232 274 1266 massa
298 1229 425 1265 caetera
449 1243 521 1264 non
547 1237 620 1264 tam
645 1227 966 1275 comprimebatur,
993 1232 1198 1274 supersunt.
1224 1224 1334 1260 Addit
1359 1231 1531 1272 praeterea
1554 1238 1657 1273 mag-

162 1307 251 1329 num
294 1292 434 1340 pondus
473 1296 685 1340 argumento
725 1288 920 1332 contrario,
955 1286 1114 1335 analysin
1159 1285 1359 1320 chemicam
1400 1283 1656 1332 vegetabilium

161 1353 336 1401 principia
362 1352 524 1400 proxima
553 1352 590 1385 in
619 1362 729 1398 regno
760 1348 870 1384 fossili
894 1348 1111 1396 caeteroquin
1134 1359 1208 1381 non
1235 1345 1468 1394 reperiunda,
1497 1358 1540 1380 ex
1572 1345 1656 1393 ipsis

162 1411 461 1447 lithanthracibus
488 1410 665 1447 evolvere.

208 1472 357 1507 Minime
369 1478 540 1520 praeterea
553 1484 616 1506 nos
630 1471 741 1519 fugit,
753 1471 928 1520 plurimos
939 1481 1012 1505 esse
1025 1469 1255 1504 scientiarum
1267 1466 1488 1503 naturalium
1501 1467 1655 1502 cultores

160 1532 263 1569 valde
284 1533 457 1577 illustres,
476 1533 538 1581 qui
562 1532 771 1580 perhibent,
788 1531 927 1579 plantas
944 1531 983 1564 in
1004 1529 1217 1564 anthi-acum
1240 1528 1371 1563 fodinis
1392 1527 1566 1575 depositas
1584 1528 1654 1561 mi-

161 1596 258 1628 nime
287 1600 469 1640 vegetasse
495 1593 533 1627 in
564 1592 689 1628 codem
720 1592 797 1627 loeo
828 1591 885 1628 vel
909 1603 1021 1640 prope
1050 1589 1207 1625 eundem
1236 1589 1381 1633 locum,
1413 1587 1476 1622 ubi
1505 1587 1654 1635 sepultae

160 1654 296 1702 jacent,
319 1652 381 1687 sed
404 1652 514 1688 fuisse
541 1664 599 1686 eas
620 1663 761 1696 omneS,
785 1664 868 1686 cum
894 1649 1009 1685 forma
1032 1662 1143 1698 prope
1171 1648 1342 1696 accedant
1368 1647 1411 1682 ad
1434 1647 1571 1695 plantas
1594 1659 1654 1682 re-

160 1715 308 1761 gionum
346 1713 557 1748 calidiorum
571 1739 580 1756 ‚
616 1711 834 1747 torrentibus
869 1710 939 1745 illis
972 1709 1315 1753 vehementissimis,
1351 1707 1482 1755 quibus
1516 1715 1654 1742 montes

159 1774 333 1823 primitivi
352 1775 461 1809 etiam
482 1773 681 1808 solidissimi
700 1773 805 1808 fuere
824 1771 994 1819 disrupti,
1016 1784 1035 1805 a
1059 1769 1264 1818 regionibus
1288 1768 1432 1816 tropicis
1453 1767 1497 1802 ad
1518 1774 1654 1802 nostras

160 1841 389 1884 temperataS,
414 1835 487 1868 imo
512 1833 557 1868 ad
580 1833 718 1881 polares
742 1833 918 1869 advectas.
949 1831 1075 1866 Obstat
1102 1843 1211 1878 quam
1239 1829 1396 1864 maxime
1424 1841 1548 1863 eorum
1576 1829 1656 1876 opi-

156 1886 254 1931 nioni
270 1923 279 1940 ,
307 1895 480 1944 plurimas
505 1895 672 1929 exsistere
697 1894 944 1942 impressiones
967 1892 1173 1940 plantarum
1199 1890 1306 1925 etiam
1342 1888 1629 1923 mollissimarum
1644 1915 1654 1932 ,

157 1968 236 2004 quae
265 1969 338 1990 non
366 1962 509 2003 possent
536 1968 608 1989 non
642 1966 716 1989 esse
748 1953 876 1988 melius
906 1958 1140 1995 conservatae3
1168 1950 1393 1998 plantarum,
1421 1961 1501 1996 quae
1531 1947 1589 1983 vel
1616 1949 1654 1982 in

156 2022 274 2049 nostro
299 2014 459 2059 climate,
488 2027 561 2049 11011
588 2014 716 2062 loquor
742 2013 787 2048 de
814 2012 1024 2047 calidissimo
1054 2011 1135 2054 illo,
1164 2011 1202 2044 in
1231 2022 1302 2058 quo
1331 2009 1453 2044 vixere
1469 2035 1478 2052 ,
1507 2007 1569 2042 sed
1596 2007 1654 2042 vel

156 2077 192 2109 in
222 2082 339 2109 nostro
367 2075 510 2109 climate
537 2073 663 2122 procul
689 2074 787 2108 omni
815 2073 924 2108 dubio
950 2085 1015 2120 per
1043 2072 1121 2106 talis
1145 2072 1283 2106 itineris
1307 2070 1519 2113 decursum,
1548 2068 1653 2116 quale

156 2142 207 2169 est
223 2137 289 2170 iter
307 2135 349 2169 ab
367 2142 545 2183 aequatore
563 2134 607 2169 ad
622 2141 757 2170 nostras
773 2134 950 2181 regiones,
962 2133 1068 2181 plane
1085 2132 1204 2167 forent
1216 2137 1391 2178 corruptae
1404 2136 1440 2165 et
1453 2128 1650 2178 disjunctae.

158 2195 311 2229 Videtur
327 2194 371 2229 'et
388 2208 452 2242 pro
474 2194 593 2229 nostra
614 2194 790 2229 sententia
811 2195 965 2229 militare
988 2193 1081 2228 illud
1100 2193 1234 2240 ipsum,
1252 2191 1390 2239 plantas
1410 2201 1550 2232 omnes,
1572 2200 1653 2236 quae

155 2267 231 2288 non,
257 2255 402 2301 penitus
424 2254 577 2289 formam
600 2267 701 2289 suam
725 2255 938 2298 amiserunt,
962 2265 1036 2288 esse
1060 2252 1246 2287 climatum
1273 2250 1484 2286 calidiorum
1509 2249 1653 2296 generi-

153 2314 219 2349 bus
239 2313 413 2361 analogas.
434 2313 559 2357 Quum
583 2315 680 2349 enim
699 2327 718 2349 a
735 2321 831 2349 statu
853 2314 933 2349 fuso
949 2313 1046 2348 lente
1063 2312 1108 2347 ad
1132 2317 1412 2359 temperaturam
1432 2308 1652 2344 moderatam
