<?xml version="1.0" encoding="UTF-8"?>
<!DOCTYPE html PUBLIC "-//W3C//DTD XHTML 1.0 Transitional//EN"
    "http://www.w3.org/TR/xhtml1/DTD/xhtml1-transitional.dtd">
<html xmlns="http://www.w3.org/1999/xhtml" xml:lang="en" lang="en">
 <head>
  <title>
</title>
<meta http-equiv="Content-Type" content="text/html;charset=utf-8" />
  <meta name='ocr-system' content='tesseract 3.04.00' />
  <meta name='ocr-capabilities' content='ocr_page ocr_carea ocr_par ocr_line ocrx_word'/>
</head>
<body>
  <div class='ocr_page' id='page_1' title='image "./oratiodefloraemu00bred/oratiodefloraemu00bred_0021.png"; bbox 0 0 1924 2640; ppageno 0'>
   <div class='ocr_carea' id='block_1_1' title="bbox 245 248 1750 2377">
    <p class='ocr_par' dir='ltr' id='par_1_1' title="bbox 935 248 1066 296">
     <span class='ocr_line' id='line_1_1' title="bbox 935 248 1066 296; baseline 0.008 -1"><span class='ocrx_word' id='word_1_1' title='bbox 935 248 952 295; x_wconf 90' lang='lat'><strong>(</strong></span> <span class='ocrx_word' id='word_1_2' title='bbox 983 249 1023 283; x_wconf 82' lang='lat'>¹5</span> <span class='ocrx_word' id='word_1_3' title='bbox 1049 248 1066 296; x_wconf 86' lang='lat'>)</span> 
     </span>
    </p>

    <p class='ocr_par' dir='ltr' id='par_1_2' title="bbox 247 329 1750 1408">
     <span class='ocr_line' id='line_1_2' title="bbox 248 329 1747 382; baseline 0.003 -15"><span class='ocrx_word' id='word_1_4' title='bbox 248 338 415 380; x_wconf 80' lang='lat' dir='ltr'>pergeret</span> <span class='ocrx_word' id='word_1_5' title='bbox 437 329 562 380; x_wconf 81' lang='lat' dir='ltr'>globus</span> <span class='ocrx_word' id='word_1_6' title='bbox 589 330 782 375; x_wconf 84' lang='lat' dir='ltr'>terrestris,</span> <span class='ocrx_word' id='word_1_7' title='bbox 808 336 951 379; x_wconf 86' lang='lat' dir='ltr'>tempus</span> <span class='ocrx_word' id='word_1_8' title='bbox 979 331 1097 366; x_wconf 84' lang='lat' dir='ltr'>adfuit</span> <span class='ocrx_word' id='word_1_9' title='bbox 1120 331 1394 378; x_wconf 83' lang='lat' dir='ltr'>intermedium,</span> <span class='ocrx_word' id='word_1_10' title='bbox 1420 333 1563 382; x_wconf 85' lang='lat' dir='ltr'>quando</span> <span class='ocrx_word' id='word_1_11' title='bbox 1586 334 1624 370; x_wconf 92' lang='lat' dir='ltr'>in</span> <span class='ocrx_word' id='word_1_12' title='bbox 1648 336 1747 371; x_wconf 89' lang='lat' dir='ltr'>omni</span> 
     </span>
     <span class='ocr_line' id='line_1_3' title="bbox 248 390 1746 440; baseline 0.003 -14"><span class='ocrx_word' id='word_1_13' title='bbox 248 391 345 440; x_wconf 87' lang='lat' dir='ltr'>globi</span> <span class='ocrx_word' id='word_1_14' title='bbox 376 392 563 440; x_wconf 91' lang='lat' dir='ltr'>superficie</span> <span class='ocrx_word' id='word_1_15' title='bbox 597 391 702 426; x_wconf 87' lang='lat' dir='ltr'>clima</span> <span class='ocrx_word' id='word_1_16' title='bbox 734 391 826 434; x_wconf 87' lang='lat' dir='ltr'>suit,</span> <span class='ocrx_word' id='word_1_17' title='bbox 856 390 962 438; x_wconf 85' lang='lat' dir='ltr'>quale</span> <span class='ocrx_word' id='word_1_18' title='bbox 996 404 1096 426; x_wconf 86' lang='lat' dir='ltr'>nunc</span> <span class='ocrx_word' id='word_1_19' title='bbox 1131 392 1173 427; x_wconf 91' lang='lat' dir='ltr'>ad</span> <span class='ocrx_word' id='word_1_20' title='bbox 1209 400 1425 440; x_wconf 77' lang='lat' dir='ltr'>aequatorem</span> <span class='ocrx_word' id='word_1_21' title='bbox 1458 395 1643 439; x_wconf 67' lang='lat' dir='ltr'>nox-imus,</span> <span class='ocrx_word' id='word_1_22' title='bbox 1674 396 1746 431; x_wconf 88' lang='lat' dir='ltr'>imo</span> 
     </span>
     <span class='ocr_line' id='line_1_4' title="bbox 248 451 1747 503; baseline 0.003 -17"><span class='ocrx_word' id='word_1_23' title='bbox 248 452 364 487; x_wconf 87' lang='lat' dir='ltr'>multo</span> <span class='ocrx_word' id='word_1_24' title='bbox 401 452 561 486; x_wconf 83' lang='lat' dir='ltr'>calidius.</span> <span class='ocrx_word' id='word_1_25' title='bbox 598 451 663 486; x_wconf 90' lang='lat' dir='ltr'>Illo</span> <span class='ocrx_word' id='word_1_26' title='bbox 696 451 807 499; x_wconf 83' lang='lat' dir='ltr'>igitur</span> <span class='ocrx_word' id='word_1_27' title='bbox 841 451 1011 498; x_wconf 87' lang='lat' dir='ltr'>temporis</span> <span class='ocrx_word' id='word_1_28' title='bbox 1044 458 1162 487; x_wconf 83' lang='lat' dir='ltr'>tractu</span> <span class='ocrx_word' id='word_1_29' title='bbox 1192 459 1288 487; x_wconf 89' lang='lat' dir='ltr'>certe</span> <span class='ocrx_word' id='word_1_30' title='bbox 1322 454 1430 489; x_wconf 88' lang='lat' dir='ltr'>etiam</span> <span class='ocrx_word' id='word_1_31' title='bbox 1465 455 1503 489; x_wconf 88' lang='lat' dir='ltr'>in</span> <span class='ocrx_word' id='word_1_32' title='bbox 1541 455 1747 503; x_wconf 80' lang='lat' dir='ltr'>regionibus</span> 
     </span>
     <span class='ocr_line' id='line_1_5' title="bbox 248 510 1747 564; baseline 0.003 -18"><span class='ocrx_word' id='word_1_33' title='bbox 248 512 377 546; x_wconf 86' lang='lat' dir='ltr'>nostris</span> <span class='ocrx_word' id='word_1_34' title='bbox 403 511 605 546; x_wconf 83' lang='lat' dir='ltr'>borealibus</span> <span class='ocrx_word' id='word_1_35' title='bbox 625 511 757 559; x_wconf 77' lang='lat' dir='ltr'>plantae</span> <span class='ocrx_word' id='word_1_36' title='bbox 786 510 893 544; x_wconf 88' lang='lat' dir='ltr'>unice</span> <span class='ocrx_word' id='word_1_37' title='bbox 917 511 1061 558; x_wconf 69' lang='lat' dir='ltr'>tropica]</span> <span class='ocrx_word' id='word_1_38' title='bbox 1090 524 1248 547; x_wconf 88' lang='lat' dir='ltr'>crescere</span> <span class='ocrx_word' id='word_1_39' title='bbox 1275 521 1437 561; x_wconf 88' lang='lat' dir='ltr'>potuere.</span> <span class='ocrx_word' id='word_1_40' title='bbox 1467 515 1565 550; x_wconf 82' lang='lat' dir='ltr'><strong>Inter</strong></span> <span class='ocrx_word' id='word_1_41' title='bbox 1594 516 1747 564; x_wconf 86' lang='lat' dir='ltr'>tropicos</span> 
     </span>
     <span class='ocr_line' id='line_1_6' title="bbox 249 570 1746 621; baseline 0.004 -15"><span class='ocrx_word' id='word_1_42' title='bbox 249 579 373 607; x_wconf 87' lang='lat' dir='ltr'>autem</span> <span class='ocrx_word' id='word_1_43' title='bbox 385 573 570 620; x_wconf 80' lang='lat' dir='ltr'>ingentem</span> <span class='ocrx_word' id='word_1_44' title='bbox 587 584 661 607; x_wconf 86' lang='lat' dir='ltr'>esse</span> <span class='ocrx_word' id='word_1_45' title='bbox 676 570 1098 618; x_wconf 64' lang='lat' dir='ltr'>monocotyledonearnin</span> <span class='ocrx_word' id='word_1_46' title='bbox 1114 573 1295 608; x_wconf 86' lang='lat' dir='ltr'>cohortem</span> <span class='ocrx_word' id='word_1_47' title='bbox 1313 577 1420 609; x_wconf 80' lang='lat' dir='ltr'>nostis</span> <span class='ocrx_word' id='word_1_48' title='bbox 1437 589 1576 621; x_wconf 59' lang='lat' dir='ltr'>omnes,</span> <span class='ocrx_word' id='word_1_49' title='bbox 1593 576 1726 611; x_wconf 85' lang='lat' dir='ltr'>Calami</span> <span class='ocrx_word' id='word_1_50' title='bbox 1737 604 1746 621; x_wconf 97' lang='lat'>,</span> 
     </span>
     <span class='ocr_line' id='line_1_7' title="bbox 248 629 1748 686; baseline 0.004 -20"><span class='ocrx_word' id='word_1_51' title='bbox 248 631 358 667; x_wconf 92' lang='lat' dir='ltr'>filices</span> <span class='ocrx_word' id='word_1_52' title='bbox 387 632 541 667; x_wconf 85' lang='lat' dir='ltr'>arboreae</span> <span class='ocrx_word' id='word_1_53' title='bbox 565 638 601 666; x_wconf 89' lang='lat' dir='ltr'>et</span> <span class='ocrx_word' id='word_1_54' title='bbox 626 631 719 674; x_wconf 83' lang='lat' dir='ltr'>aliae,</span> <span class='ocrx_word' id='word_1_55' title='bbox 742 630 883 674; x_wconf 85' lang='lat' dir='ltr'>zamiae,</span> <span class='ocrx_word' id='word_1_56' title='bbox 911 629 1096 678; x_wconf 62' lang='lat' dir='ltr'>lycopodia</span> <span class='ocrx_word' id='word_1_57' title='bbox 1119 633 1323 683; x_wconf 75' lang='lat' dir='ltr'>similesque</span> <span class='ocrx_word' id='word_1_58' title='bbox 1348 636 1517 684; x_wconf 83' lang='lat' dir='ltr'>reliquias</span> <span class='ocrx_word' id='word_1_59' title='bbox 1544 650 1623 672; x_wconf 86' lang='lat' dir='ltr'>suas</span> <span class='ocrx_word' id='word_1_60' title='bbox 1650 637 1748 686; x_wconf 88' lang='lat' dir='ltr'>apud</span> 
     </span>
     <span class='ocr_line' id='line_1_8' title="bbox 248 690 1747 746; baseline 0.003 -19"><span class='ocrx_word' id='word_1_61' title='bbox 248 704 312 727; x_wconf 89' lang='lat' dir='ltr'>nos</span> <span class='ocrx_word' id='word_1_62' title='bbox 332 693 541 741; x_wconf 82' lang='lat' dir='ltr'>deposuere.</span> <span class='ocrx_word' id='word_1_63' title='bbox 561 692 688 739; x_wconf 88' lang='lat' dir='ltr'>Neque</span> <span class='ocrx_word' id='word_1_64' title='bbox 707 690 877 738; x_wconf 88' lang='lat' dir='ltr'>impedit,</span> <span class='ocrx_word' id='word_1_65' title='bbox 899 690 995 738; x_wconf 89' lang='lat' dir='ltr'>quod</span> <span class='ocrx_word' id='word_1_66' title='bbox 1013 698 1049 725; x_wconf 85' lang='lat' dir='ltr'>et</span> <span class='ocrx_word' id='word_1_67' title='bbox 1067 692 1134 739; x_wconf 88' lang='lat' dir='ltr'>ipsi</span> <span class='ocrx_word' id='word_1_68' title='bbox 1158 695 1363 740; x_wconf 75' lang='lat' dir='ltr'>citavimus,</span> <span class='ocrx_word' id='word_1_69' title='bbox 1385 710 1512 732; x_wconf 82' lang='lat' dir='ltr'>massas</span> <span class='ocrx_word' id='word_1_70' title='bbox 1531 697 1747 746; x_wconf 78' lang='lat' dir='ltr'>vegetabiles</span> 
     </span>
     <span class='ocr_line' id='line_1_9' title="bbox 247 751 1748 802; baseline 0.003 -15"><span class='ocrx_word' id='word_1_71' title='bbox 247 766 342 801; x_wconf 84' lang='lat' dir='ltr'>saepe</span> <span class='ocrx_word' id='word_1_72' title='bbox 366 766 541 789; x_wconf 79' lang='lat' dir='ltr'>venarum</span> <span class='ocrx_word' id='word_1_73' title='bbox 564 753 602 787; x_wconf 87' lang='lat' dir='ltr'>in</span> <span class='ocrx_word' id='word_1_74' title='bbox 625 751 775 787; x_wconf 86' lang='lat' dir='ltr'>modum</span> <span class='ocrx_word' id='word_1_75' title='bbox 798 763 864 799; x_wconf 90' lang='lat' dir='ltr'>per</span> <span class='ocrx_word' id='word_1_76' title='bbox 884 753 982 787; x_wconf 75' lang='lat' dir='ltr'>varia</span> <span class='ocrx_word' id='word_1_77' title='bbox 1004 759 1110 787; x_wconf 86' lang='lat' dir='ltr'>strata</span> <span class='ocrx_word' id='word_1_78' title='bbox 1132 754 1228 788; x_wconf 85' lang='lat' dir='ltr'>infra</span> <span class='ocrx_word' id='word_1_79' title='bbox 1250 757 1362 802; x_wconf 84' lang='lat' dir='ltr'>posita</span> <span class='ocrx_word' id='word_1_80' title='bbox 1384 755 1587 791; x_wconf 90' lang='lat' dir='ltr'>decurrere.</span> <span class='ocrx_word' id='word_1_81' title='bbox 1609 759 1748 792; x_wconf 85' lang='lat' dir='ltr'>Docent</span> 
     </span>
     <span class='ocr_line' id='line_1_10' title="bbox 248 811 1746 864; baseline 0.003 -17"><span class='ocrx_word' id='word_1_82' title='bbox 248 814 347 848; x_wconf 85' lang='lat' dir='ltr'>enim</span> <span class='ocrx_word' id='word_1_83' title='bbox 374 825 519 862; x_wconf 79' lang='lat' dir='ltr'>aggeres</span> <span class='ocrx_word' id='word_1_84' title='bbox 543 812 669 857; x_wconf 83' lang='lat' dir='ltr'>validi,</span> <span class='ocrx_word' id='word_1_85' title='bbox 695 824 714 847; x_wconf 90' lang='lat' dir='ltr'>e</span> <span class='ocrx_word' id='word_1_86' title='bbox 738 811 817 848; x_wconf 63' lang='lat' dir='ltr'>lava</span> <span class='ocrx_word' id='word_1_87' title='bbox 844 812 945 856; x_wconf 83' lang='lat' dir='ltr'>facti,</span> <span class='ocrx_word' id='word_1_88' title='bbox 975 811 1159 858; x_wconf 85' lang='lat' dir='ltr'>Basaltici,</span> <span class='ocrx_word' id='word_1_89' title='bbox 1183 814 1529 862; x_wconf 68' lang='lat' dir='ltr'>perpendiculariter</span> <span class='ocrx_word' id='word_1_90' title='bbox 1554 829 1618 864; x_wconf 85' lang='lat' dir='ltr'>per</span> <span class='ocrx_word' id='word_1_91' title='bbox 1641 830 1746 851; x_wconf 84' lang='lat' dir='ltr'>omne</span> 
     </span>
     <span class='ocr_line' id='line_1_11' title="bbox 248 873 1748 923; baseline 0.001 -14"><span class='ocrx_word' id='word_1_92' title='bbox 248 874 532 909; x_wconf 87' lang='lat' dir='ltr'>lithanthracum</span> <span class='ocrx_word' id='word_1_93' title='bbox 549 881 700 909; x_wconf 87' lang='lat' dir='ltr'>stratum</span> <span class='ocrx_word' id='word_1_94' title='bbox 719 873 969 917; x_wconf 78' lang='lat' dir='ltr'>decurrenteS,</span> <span class='ocrx_word' id='word_1_95' title='bbox 990 880 1026 907; x_wconf 86' lang='lat' dir='ltr'>et</span> <span class='ocrx_word' id='word_1_96' title='bbox 1044 874 1107 921; x_wconf 84' lang='lat' dir='ltr'>qui</span> <span class='ocrx_word' id='word_1_97' title='bbox 1130 873 1173 908; x_wconf 91' lang='lat' dir='ltr'>ab</span> <span class='ocrx_word' id='word_1_98' title='bbox 1193 875 1348 922; x_wconf 67' lang='lat' dir='ltr'>utraque</span> <span class='ocrx_word' id='word_1_99' title='bbox 1371 883 1471 923; x_wconf 89' lang='lat' dir='ltr'>parte</span> <span class='ocrx_word' id='word_1_100' title='bbox 1492 876 1748 911; x_wconf 75' lang='lat' dir='ltr'>litliantliraces</span> 
     </span>
     <span class='ocr_line' id='line_1_12' title="bbox 247 934 1749 981; baseline 0.001 -12"><span class='ocrx_word' id='word_1_101' title='bbox 247 936 287 969; x_wconf 88' lang='lat' dir='ltr'>in</span> <span class='ocrx_word' id='word_1_102' title='bbox 318 936 455 971; x_wconf 85' lang='lat' dir='ltr'>cineres</span> <span class='ocrx_word' id='word_1_103' title='bbox 483 941 710 980; x_wconf 74' lang='lat' dir='ltr'>convertere,</span> <span class='ocrx_word' id='word_1_104' title='bbox 738 934 868 969; x_wconf 82' lang='lat' dir='ltr'>docent</span> <span class='ocrx_word' id='word_1_105' title='bbox 896 934 1059 981; x_wconf 79' lang='lat' dir='ltr'>regiones</span> <span class='ocrx_word' id='word_1_106' title='bbox 1085 942 1191 970; x_wconf 70' lang='lat' dir='ltr'>vastae</span> <span class='ocrx_word' id='word_1_107' title='bbox 1219 935 1358 970; x_wconf 83' lang='lat' dir='ltr'>Basalte</span> <span class='ocrx_word' id='word_1_108' title='bbox 1385 942 1504 980; x_wconf 81' lang='lat' dir='ltr'>tectae,</span> <span class='ocrx_word' id='word_1_109' title='bbox 1528 943 1564 971; x_wconf 85' lang='lat' dir='ltr'>et</span> <span class='ocrx_word' id='word_1_110' title='bbox 1590 936 1657 980; x_wconf 88' lang='lat' dir='ltr'>ibi,</span> <span class='ocrx_word' id='word_1_111' title='bbox 1686 936 1749 971; x_wconf 89' lang='lat' dir='ltr'>ubi</span> 
     </span>
     <span class='ocr_line' id='line_1_13' title="bbox 248 994 1749 1045; baseline 0 -15"><span class='ocrx_word' id='word_1_112' title='bbox 248 1009 267 1030; x_wconf 88' lang='lat' dir='ltr'>a</span> <span class='ocrx_word' id='word_1_113' title='bbox 297 996 437 1032; x_wconf 89' lang='lat' dir='ltr'>Basalte</span> <span class='ocrx_word' id='word_1_114' title='bbox 462 1003 653 1045; x_wconf 83' lang='lat' dir='ltr'>teguntur,</span> <span class='ocrx_word' id='word_1_115' title='bbox 684 994 896 1039; x_wconf 78' lang='lat' dir='ltr'>combustae3</span> <span class='ocrx_word' id='word_1_116' title='bbox 930 994 1059 1029; x_wconf 79' lang='lat' dir='ltr'>docent</span> <span class='ocrx_word' id='word_1_117' title='bbox 1086 995 1232 1030; x_wconf 84' lang='lat' dir='ltr'>tandem</span> <span class='ocrx_word' id='word_1_118' title='bbox 1262 1003 1416 1031; x_wconf 79' lang='lat' dir='ltr'>crateres</span> <span class='ocrx_word' id='word_1_119' title='bbox 1446 997 1625 1031; x_wconf 87' lang='lat' dir='ltr'>montium</span> <span class='ocrx_word' id='word_1_120' title='bbox 1652 997 1749 1044; x_wconf 81' lang='lat' dir='ltr'>igni—</span> 
     </span>
     <span class='ocr_line' id='line_1_14' title="bbox 248 1055 1748 1105; baseline 0 -14"><span class='ocrx_word' id='word_1_121' title='bbox 248 1068 437 1092; x_wconf 81' lang='lat' dir='ltr'>vomorum</span> <span class='ocrx_word' id='word_1_122' title='bbox 475 1058 733 1092; x_wconf 77' lang='lat' dir='ltr'>exstinctorum</span> <span class='ocrx_word' id='word_1_123' title='bbox 771 1055 936 1104; x_wconf 84' lang='lat' dir='ltr'>plurimis</span> <span class='ocrx_word' id='word_1_124' title='bbox 970 1056 1008 1090; x_wconf 90' lang='lat' dir='ltr'>in</span> <span class='ocrx_word' id='word_1_125' title='bbox 1041 1056 1249 1104; x_wconf 77' lang='lat' dir='ltr'>regionibus</span> <span class='ocrx_word' id='word_1_126' title='bbox 1287 1057 1400 1102; x_wconf 67' lang='lat' dir='ltr'>obvii,</span> <span class='ocrx_word' id='word_1_127' title='bbox 1442 1064 1564 1102; x_wconf 86' lang='lat' dir='ltr'>antea,</span> <span class='ocrx_word' id='word_1_128' title='bbox 1605 1057 1748 1105; x_wconf 88' lang='lat' dir='ltr'>quando</span> 
     </span>
     <span class='ocr_line' id='line_1_15' title="bbox 247 1116 1744 1165; baseline 0 -14"><span class='ocrx_word' id='word_1_129' title='bbox 247 1117 374 1165; x_wconf 81' lang='lat' dir='ltr'>globus</span> <span class='ocrx_word' id='word_1_130' title='bbox 398 1117 517 1153; x_wconf 86' lang='lat' dir='ltr'>adhuc</span> <span class='ocrx_word' id='word_1_131' title='bbox 545 1117 650 1153; x_wconf 84' lang='lat' dir='ltr'>valde</span> <span class='ocrx_word' id='word_1_132' title='bbox 679 1117 808 1161; x_wconf 89' lang='lat' dir='ltr'>caluit,</span> <span class='ocrx_word' id='word_1_133' title='bbox 832 1116 1009 1151; x_wconf 82' lang='lat' dir='ltr'>actionem</span> <span class='ocrx_word' id='word_1_134' title='bbox 1032 1116 1254 1152; x_wconf 79' lang='lat' dir='ltr'>volcanicam</span> <span class='ocrx_word' id='word_1_135' title='bbox 1278 1117 1385 1165; x_wconf 76' lang='lat' dir='ltr'>longe</span> <span class='ocrx_word' id='word_1_136' title='bbox 1412 1118 1522 1152; x_wconf 75' lang='lat' dir='ltr'>fuisse</span> <span class='ocrx_word' id='word_1_137' title='bbox 1550 1117 1744 1153; x_wconf 77' lang='lat' dir='ltr'>veliemen-</span> 
     </span>
     <span class='ocr_line' id='line_1_16' title="bbox 247 1177 1748 1226; baseline 0 -14"><span class='ocrx_word' id='word_1_138' title='bbox 247 1178 393 1223; x_wconf 88' lang='lat' dir='ltr'>tiorem,</span> <span class='ocrx_word' id='word_1_139' title='bbox 430 1184 466 1213; x_wconf 89' lang='lat' dir='ltr'>et</span> <span class='ocrx_word' id='word_1_140' title='bbox 496 1178 612 1213; x_wconf 87' lang='lat' dir='ltr'>multo</span> <span class='ocrx_word' id='word_1_141' title='bbox 645 1177 926 1225; x_wconf 82' lang='lat' dir='ltr'>generaliorem,</span> <span class='ocrx_word' id='word_1_142' title='bbox 957 1190 1067 1224; x_wconf 87' lang='lat' dir='ltr'>quam</span> <span class='ocrx_word' id='word_1_143' title='bbox 1100 1185 1152 1212; x_wconf 88' lang='lat' dir='ltr'>est</span> <span class='ocrx_word' id='word_1_144' title='bbox 1185 1178 1304 1213; x_wconf 87' lang='lat' dir='ltr'>hodie.</span> <span class='ocrx_word' id='word_1_145' title='bbox 1341 1179 1425 1213; x_wconf 83' lang='lat' dir='ltr'>Fuit</span> <span class='ocrx_word' id='word_1_146' title='bbox 1454 1178 1623 1226; x_wconf 85' lang='lat' dir='ltr'>proinde,</span> <span class='ocrx_word' id='word_1_147' title='bbox 1660 1178 1748 1213; x_wconf 89' lang='lat' dir='ltr'>dum</span> 
     </span>
     <span class='ocr_line' id='line_1_17' title="bbox 247 1237 1747 1288; baseline -0.001 -15"><span class='ocrx_word' id='word_1_148' title='bbox 247 1251 360 1274; x_wconf 84' lang='lat' dir='ltr'>massa</span> <span class='ocrx_word' id='word_1_149' title='bbox 392 1239 622 1288; x_wconf 80' lang='lat' dir='ltr'>vegetabilis,</span> <span class='ocrx_word' id='word_1_150' title='bbox 654 1245 882 1287; x_wconf 55' lang='lat' dir='ltr'>putrescens„</span> <span class='ocrx_word' id='word_1_151' title='bbox 916 1237 1054 1284; x_wconf 87' lang='lat' dir='ltr'>liquida</span> <span class='ocrx_word' id='word_1_152' title='bbox 1088 1237 1227 1272; x_wconf 84' lang='lat' dir='ltr'>telluris</span> <span class='ocrx_word' id='word_1_153' title='bbox 1263 1239 1464 1286; x_wconf 86' lang='lat' dir='ltr'>superficiei</span> <span class='ocrx_word' id='word_1_154' title='bbox 1500 1237 1747 1280; x_wconf 79' lang='lat' dir='ltr'>incumberet,</span> 
     </span>
     <span class='ocr_line' id='line_1_18' title="bbox 248 1298 1750 1344; baseline -0.001 -11"><span class='ocrx_word' id='word_1_155' title='bbox 248 1299 414 1344; x_wconf 86' lang='lat' dir='ltr'>distorta,</span> <span class='ocrx_word' id='word_1_156' title='bbox 444 1300 625 1334; x_wconf 86' lang='lat' dir='ltr'>confracta</span> <span class='ocrx_word' id='word_1_157' title='bbox 655 1306 692 1334; x_wconf 85' lang='lat' dir='ltr'>et</span> <span class='ocrx_word' id='word_1_158' title='bbox 719 1300 756 1333; x_wconf 92' lang='lat' dir='ltr'>in</span> <span class='ocrx_word' id='word_1_159' title='bbox 783 1300 923 1333; x_wconf 88' lang='lat' dir='ltr'>fissuras</span> <span class='ocrx_word' id='word_1_160' title='bbox 947 1298 1050 1332; x_wconf 87' lang='lat' dir='ltr'>scissa</span> <span class='ocrx_word' id='word_1_161' title='bbox 1081 1298 1200 1333; x_wconf 80' lang='lat' dir='ltr'>baecce</span> <span class='ocrx_word' id='word_1_162' title='bbox 1229 1299 1367 1333; x_wconf 85' lang='lat' dir='ltr'>telluris</span> <span class='ocrx_word' id='word_1_163' title='bbox 1395 1305 1536 1343; x_wconf 87' lang='lat' dir='ltr'>crusta;</span> <span class='ocrx_word' id='word_1_164' title='bbox 1566 1298 1750 1333; x_wconf 87' lang='lat' dir='ltr'>descendit</span> 
     </span>
     <span class='ocr_line' id='line_1_19' title="bbox 248 1357 1747 1408; baseline -0.001 -14"><span class='ocrx_word' id='word_1_165' title='bbox 248 1371 360 1402; x_wconf 81' lang='lat' dir='ltr'>massa</span> <span class='ocrx_word' id='word_1_166' title='bbox 384 1359 592 1408; x_wconf 78' lang='lat' dir='ltr'>vegetabilis</span> <span class='ocrx_word' id='word_1_167' title='bbox 610 1372 675 1407; x_wconf 87' lang='lat' dir='ltr'>per</span> <span class='ocrx_word' id='word_1_168' title='bbox 698 1359 802 1394; x_wconf 87' lang='lat' dir='ltr'>hasce</span> <span class='ocrx_word' id='word_1_169' title='bbox 826 1360 987 1401; x_wconf 83' lang='lat' dir='ltr'>fissuras,</span> <span class='ocrx_word' id='word_1_170' title='bbox 1010 1370 1140 1406; x_wconf 91' lang='lat' dir='ltr'>easque</span> <span class='ocrx_word' id='word_1_171' title='bbox 1165 1371 1339 1394; x_wconf 84' lang='lat' dir='ltr'>venarum</span> <span class='ocrx_word' id='word_1_172' title='bbox 1357 1359 1394 1393; x_wconf 87' lang='lat' dir='ltr'>in</span> <span class='ocrx_word' id='word_1_173' title='bbox 1412 1359 1565 1393; x_wconf 86' lang='lat' dir='ltr'>formam</span> <span class='ocrx_word' id='word_1_174' title='bbox 1581 1357 1747 1406; x_wconf 86' lang='lat' dir='ltr'>replevit.</span> 
     </span>
    </p>

    <p class='ocr_par' dir='ltr' id='par_1_3' title="bbox 247 1418 1749 1891">
     <span class='ocr_line' id='line_1_20' title="bbox 297 1418 1749 1468; baseline 0 -14"><span class='ocrx_word' id='word_1_175' title='bbox 297 1419 451 1455; x_wconf 88' lang='lat' dir='ltr'>Nullum</span> <span class='ocrx_word' id='word_1_176' title='bbox 474 1420 586 1468; x_wconf 83' lang='lat' dir='ltr'>igitur</span> <span class='ocrx_word' id='word_1_177' title='bbox 618 1418 787 1463; x_wconf 86' lang='lat' dir='ltr'>dubium,</span> <span class='ocrx_word' id='word_1_178' title='bbox 817 1426 858 1454; x_wconf 87' lang='lat' dir='ltr'>ut</span> <span class='ocrx_word' id='word_1_179' title='bbox 891 1418 1166 1464; x_wconf 78' lang='lat' dir='ltr'>concludamus,</span> <span class='ocrx_word' id='word_1_180' title='bbox 1190 1420 1281 1454; x_wconf 79' lang='lat' dir='ltr'>mihi</span> <span class='ocrx_word' id='word_1_181' title='bbox 1307 1419 1451 1455; x_wconf 59' lang='lat' dir='ltr'>ridetur</span> <span class='ocrx_word' id='word_1_182' title='bbox 1480 1432 1682 1468; x_wconf 82' lang='lat' dir='ltr'>superesse,</span> <span class='ocrx_word' id='word_1_183' title='bbox 1712 1426 1749 1454; x_wconf 87' lang='lat' dir='ltr'>et</span> 
     </span>
     <span class='ocr_line' id='line_1_21' title="bbox 248 1479 1748 1525; baseline 0 -11"><span class='ocrx_word' id='word_1_184' title='bbox 248 1492 332 1525; x_wconf 84' lang='lat' dir='ltr'>vos,</span> <span class='ocrx_word' id='word_1_185' title='bbox 361 1480 405 1514; x_wconf 92' lang='lat' dir='ltr'>A.</span> <span class='ocrx_word' id='word_1_186' title='bbox 438 1479 501 1525; x_wconf 88' lang='lat' dir='ltr'>O.,</span> <span class='ocrx_word' id='word_1_187' title='bbox 530 1481 569 1514; x_wconf 90' lang='lat' dir='ltr'>ni</span> <span class='ocrx_word' id='word_1_188' title='bbox 598 1480 832 1515; x_wconf 76' lang='lat' dir='ltr'>vehementer</span> <span class='ocrx_word' id='word_1_189' title='bbox 863 1479 980 1523; x_wconf 86' lang='lat' dir='ltr'>fallor,</span> <span class='ocrx_word' id='word_1_190' title='bbox 1008 1492 1153 1514; x_wconf 88' lang='lat' dir='ltr'>mecum</span> <span class='ocrx_word' id='word_1_191' title='bbox 1178 1481 1438 1514; x_wconf 88' lang='lat' dir='ltr'>consentientes</span> <span class='ocrx_word' id='word_1_192' title='bbox 1462 1479 1595 1524; x_wconf 89' lang='lat' dir='ltr'>habeo,</span> <span class='ocrx_word' id='word_1_193' title='bbox 1619 1491 1748 1514; x_wconf 80' lang='lat' dir='ltr'>massas</span> 
     </span>
     <span class='ocr_line' id='line_1_22' title="bbox 247 1539 1747 1587; baseline -0.001 -12"><span class='ocrx_word' id='word_1_194' title='bbox 247 1540 325 1575; x_wconf 83' lang='lat' dir='ltr'>illas</span> <span class='ocrx_word' id='word_1_195' title='bbox 353 1541 658 1584; x_wconf 87' lang='lat' dir='ltr'>lithanthracum,</span> <span class='ocrx_word' id='word_1_196' title='bbox 696 1553 776 1587; x_wconf 84' lang='lat' dir='ltr'>quae</span> <span class='ocrx_word' id='word_1_197' title='bbox 810 1541 905 1574; x_wconf 88' lang='lat' dir='ltr'>inter</span> <span class='ocrx_word' id='word_1_198' title='bbox 937 1540 1168 1574; x_wconf 83' lang='lat' dir='ltr'>formationes</span> <span class='ocrx_word' id='word_1_199' title='bbox 1200 1539 1426 1575; x_wconf 89' lang='lat' dir='ltr'>secundarias</span> <span class='ocrx_word' id='word_1_200' title='bbox 1462 1540 1695 1587; x_wconf 87' lang='lat' dir='ltr'>reperiuntur</span> <span class='ocrx_word' id='word_1_201' title='bbox 1728 1552 1747 1573; x_wconf 93' lang='lat' dir='ltr'>e</span> 
     </span>
     <span class='ocr_line' id='line_1_23' title="bbox 247 1598 1748 1649; baseline -0.001 -14"><span class='ocrx_word' id='word_1_202' title='bbox 247 1600 351 1636; x_wconf 62' lang='lat' dir='ltr'>Flora</span> <span class='ocrx_word' id='word_1_203' title='bbox 375 1601 584 1649; x_wconf 87' lang='lat' dir='ltr'>compositas</span> <span class='ocrx_word' id='word_1_204' title='bbox 607 1612 681 1635; x_wconf 85' lang='lat' dir='ltr'>esse</span> <span class='ocrx_word' id='word_1_205' title='bbox 710 1600 861 1635; x_wconf 75' lang='lat' dir='ltr'>climatis</span> <span class='ocrx_word' id='word_1_206' title='bbox 888 1599 1004 1635; x_wconf 86' lang='lat' dir='ltr'>multo</span> <span class='ocrx_word' id='word_1_207' title='bbox 1026 1600 1223 1644; x_wconf 89' lang='lat' dir='ltr'>calidioris,</span> <span class='ocrx_word' id='word_1_208' title='bbox 1250 1613 1360 1648; x_wconf 87' lang='lat' dir='ltr'>quam</span> <span class='ocrx_word' id='word_1_209' title='bbox 1388 1606 1440 1634; x_wconf 89' lang='lat' dir='ltr'>est</span> <span class='ocrx_word' id='word_1_210' title='bbox 1469 1599 1574 1634; x_wconf 85' lang='lat' dir='ltr'>clima</span> <span class='ocrx_word' id='word_1_211' title='bbox 1601 1598 1748 1634; x_wconf 83' lang='lat' dir='ltr'>hodier—</span> 
     </span>
     <span class='ocr_line' id='line_1_24' title="bbox 247 1660 1747 1712; baseline -0.002 -16"><span class='ocrx_word' id='word_1_212' title='bbox 247 1675 340 1697; x_wconf 89' lang='lat' dir='ltr'>num</span> <span class='ocrx_word' id='word_1_213' title='bbox 366 1661 497 1696; x_wconf 88' lang='lat' dir='ltr'>harum</span> <span class='ocrx_word' id='word_1_214' title='bbox 522 1660 734 1710; x_wconf 81' lang='lat' dir='ltr'>regionum,</span> <span class='ocrx_word' id='word_1_215' title='bbox 763 1661 800 1695; x_wconf 89' lang='lat' dir='ltr'>in</span> <span class='ocrx_word' id='word_1_216' title='bbox 822 1660 954 1708; x_wconf 88' lang='lat' dir='ltr'>quibus</span> <span class='ocrx_word' id='word_1_217' title='bbox 977 1660 1127 1709; x_wconf 79' lang='lat' dir='ltr'>sepultae</span> <span class='ocrx_word' id='word_1_218' title='bbox 1148 1660 1285 1712; x_wconf 74' lang='lat' dir='ltr'>jacent,</span> <span class='ocrx_word' id='word_1_219' title='bbox 1312 1662 1441 1697; x_wconf 75' lang='lat' dir='ltr'>vixisse</span> <span class='ocrx_word' id='word_1_220' title='bbox 1463 1668 1585 1695; x_wconf 84' lang='lat' dir='ltr'>autem</span> <span class='ocrx_word' id='word_1_221' title='bbox 1609 1660 1747 1708; x_wconf 66' lang='lat' dir='ltr'>plantas</span> 
     </span>
     <span class='ocr_line' id='line_1_25' title="bbox 248 1720 1743 1770; baseline -0.002 -13"><span class='ocrx_word' id='word_1_222' title='bbox 248 1722 328 1757; x_wconf 81' lang='lat' dir='ltr'>illas</span> <span class='ocrx_word' id='word_1_223' title='bbox 347 1735 469 1757; x_wconf 87' lang='lat' dir='ltr'>onmes</span> <span class='ocrx_word' id='word_1_224' title='bbox 486 1723 524 1758; x_wconf 88' lang='lat' dir='ltr'>in</span> <span class='ocrx_word' id='word_1_225' title='bbox 544 1721 670 1756; x_wconf 84' lang='lat' dir='ltr'>iisdem</span> <span class='ocrx_word' id='word_1_226' title='bbox 690 1721 760 1756; x_wconf 92' lang='lat' dir='ltr'>illis</span> <span class='ocrx_word' id='word_1_227' title='bbox 781 1720 988 1769; x_wconf 87' lang='lat' dir='ltr'>regionibus</span> <span class='ocrx_word' id='word_1_228' title='bbox 1014 1722 1052 1756; x_wconf 89' lang='lat' dir='ltr'>in</span> <span class='ocrx_word' id='word_1_229' title='bbox 1080 1721 1212 1770; x_wconf 88' lang='lat' dir='ltr'>quibus</span> <span class='ocrx_word' id='word_1_230' title='bbox 1236 1721 1405 1770; x_wconf 81' lang='lat' dir='ltr'>reliquias</span> <span class='ocrx_word' id='word_1_231' title='bbox 1424 1733 1504 1756; x_wconf 88' lang='lat' dir='ltr'>suas</span> <span class='ocrx_word' id='word_1_232' title='bbox 1525 1720 1743 1768; x_wconf 56' lang='lat' dir='ltr'>deposuere,</span> 
     </span>
     <span class='ocr_line' id='line_1_26' title="bbox 249 1779 1748 1831; baseline -0.003 -14"><span class='ocrx_word' id='word_1_233' title='bbox 249 1782 312 1817; x_wconf 84' lang='lat' dir='ltr'>sed</span> <span class='ocrx_word' id='word_1_234' title='bbox 338 1782 470 1818; x_wconf 87' lang='lat' dir='ltr'>harum</span> <span class='ocrx_word' id='word_1_235' title='bbox 498 1782 689 1831; x_wconf 82' lang='lat' dir='ltr'>regionum</span> <span class='ocrx_word' id='word_1_236' title='bbox 720 1787 1021 1829; x_wconf 83' lang='lat' dir='ltr'>temperaturam,</span> <span class='ocrx_word' id='word_1_237' title='bbox 1046 1782 1144 1816; x_wconf 90' lang='lat' dir='ltr'>omni</span> <span class='ocrx_word' id='word_1_238' title='bbox 1172 1781 1275 1829; x_wconf 86' lang='lat' dir='ltr'>globo</span> <span class='ocrx_word' id='word_1_239' title='bbox 1308 1781 1465 1816; x_wconf 84' lang='lat' dir='ltr'>terrestri</span> <span class='ocrx_word' id='word_1_240' title='bbox 1493 1779 1590 1814; x_wconf 88' lang='lat' dir='ltr'>lente</span> <span class='ocrx_word' id='word_1_241' title='bbox 1619 1779 1748 1813; x_wconf 76' lang='lat' dir='ltr'>calori—</span> 
     </span>
     <span class='ocr_line' id='line_1_27' title="bbox 247 1839 1745 1891; baseline -0.005 -12"><span class='ocrx_word' id='word_1_242' title='bbox 247 1857 332 1879; x_wconf 88' lang='lat' dir='ltr'>cum</span> <span class='ocrx_word' id='word_1_243' title='bbox 350 1844 394 1879; x_wconf 86' lang='lat' dir='ltr'>de</span> <span class='ocrx_word' id='word_1_244' title='bbox 411 1857 447 1878; x_wconf 90' lang='lat' dir='ltr'>se</span> <span class='ocrx_word' id='word_1_245' title='bbox 466 1856 531 1891; x_wconf 89' lang='lat' dir='ltr'>per</span> <span class='ocrx_word' id='word_1_246' title='bbox 553 1844 709 1891; x_wconf 86' lang='lat' dir='ltr'>spatium</span> <span class='ocrx_word' id='word_1_247' title='bbox 726 1841 906 1886; x_wconf 78' lang='lat' dir='ltr'>radiante,</span> <span class='ocrx_word' id='word_1_248' title='bbox 925 1854 1034 1889; x_wconf 88' lang='lat' dir='ltr'>quam</span> <span class='ocrx_word' id='word_1_249' title='bbox 1050 1842 1207 1876; x_wconf 73' lang='lat' dir='ltr'>maxime</span> <span class='ocrx_word' id='word_1_250' title='bbox 1230 1840 1359 1876; x_wconf 84' lang='lat' dir='ltr'>deinde</span> <span class='ocrx_word' id='word_1_251' title='bbox 1376 1840 1486 1875; x_wconf 86' lang='lat' dir='ltr'>fuisse</span> <span class='ocrx_word' id='word_1_252' title='bbox 1504 1839 1745 1874; x_wconf 85' lang='lat' dir='ltr'>imminutam.</span> 
     </span>
    </p>

    <p class='ocr_par' dir='ltr' id='par_1_4' title="bbox 245 1897 1749 2377">
     <span class='ocr_line' id='line_1_28' title="bbox 295 1897 1747 1952; baseline -0.005 -13"><span class='ocrx_word' id='word_1_253' title='bbox 295 1905 431 1939; x_wconf 81' lang='lat' dir='ltr'>Praeter</span> <span class='ocrx_word' id='word_1_254' title='bbox 454 1904 537 1949; x_wconf 88' lang='lat' dir='ltr'>has,</span> <span class='ocrx_word' id='word_1_255' title='bbox 564 1903 609 1938; x_wconf 89' lang='lat' dir='ltr'>de</span> <span class='ocrx_word' id='word_1_256' title='bbox 633 1903 766 1952; x_wconf 82' lang='lat' dir='ltr'>quibus</span> <span class='ocrx_word' id='word_1_257' title='bbox 788 1902 862 1937; x_wconf 86' lang='lat' dir='ltr'>huc</span> <span class='ocrx_word' id='word_1_258' title='bbox 884 1914 1000 1950; x_wconf 86' lang='lat' dir='ltr'>usque</span> <span class='ocrx_word' id='word_1_259' title='bbox 1027 1901 1139 1937; x_wconf 87' lang='lat' dir='ltr'>locuti</span> <span class='ocrx_word' id='word_1_260' title='bbox 1161 1901 1315 1944; x_wconf 88' lang='lat' dir='ltr'>fuimus,</span> <span class='ocrx_word' id='word_1_261' title='bbox 1341 1912 1537 1935; x_wconf 83' lang='lat' dir='ltr'>massarum</span> <span class='ocrx_word' id='word_1_262' title='bbox 1562 1897 1747 1944; x_wconf 67' lang='lat' dir='ltr'>vegetabi—</span> 
     </span>
     <span class='ocr_line' id='line_1_29' title="bbox 245 1959 1748 2013; baseline -0.005 -14"><span class='ocrx_word' id='word_1_263' title='bbox 245 1965 338 2000; x_wconf 87' lang='lat' dir='ltr'>lium</span> <span class='ocrx_word' id='word_1_264' title='bbox 366 1964 620 2013; x_wconf 81' lang='lat' dir='ltr'>depositiones,</span> <span class='ocrx_word' id='word_1_265' title='bbox 651 1963 774 2012; x_wconf 88' lang='lat' dir='ltr'>plures</span> <span class='ocrx_word' id='word_1_266' title='bbox 802 1969 963 2011; x_wconf 88' lang='lat' dir='ltr'>prostant</span> <span class='ocrx_word' id='word_1_267' title='bbox 990 1961 1088 2007; x_wconf 82' lang='lat' dir='ltr'>aliae,</span> <span class='ocrx_word' id='word_1_268' title='bbox 1119 1961 1162 1996; x_wconf 88' lang='lat' dir='ltr'>ab</span> <span class='ocrx_word' id='word_1_269' title='bbox 1190 1962 1287 1996; x_wconf 86' lang='lat' dir='ltr'>bisce</span> <span class='ocrx_word' id='word_1_270' title='bbox 1317 1960 1478 1995; x_wconf 86' lang='lat' dir='ltr'>multum</span> <span class='ocrx_word' id='word_1_271' title='bbox 1508 1959 1680 2002; x_wconf 69' lang='lat' dir='ltr'>diversae,</span> <span class='ocrx_word' id='word_1_272' title='bbox 1711 1964 1748 1992; x_wconf 89' lang='lat' dir='ltr'>et</span> 
     </span>
     <span class='ocr_line' id='line_1_30' title="bbox 246 2018 1745 2070; baseline -0.006 -10"><span class='ocrx_word' id='word_1_273' title='bbox 246 2025 341 2060; x_wconf 84' lang='lat' dir='ltr'>inter</span> <span class='ocrx_word' id='word_1_274' title='bbox 366 2031 473 2060; x_wconf 86' lang='lat' dir='ltr'>strata</span> <span class='ocrx_word' id='word_1_275' title='bbox 495 2025 674 2060; x_wconf 85' lang='lat' dir='ltr'>montium</span> <span class='ocrx_word' id='word_1_276' title='bbox 699 2023 919 2059; x_wconf 88' lang='lat' dir='ltr'>formationis</span> <span class='ocrx_word' id='word_1_277' title='bbox 949 2022 1055 2070; x_wconf 83' lang='lat' dir='ltr'>longe</span> <span class='ocrx_word' id='word_1_278' title='bbox 1084 2022 1290 2057; x_wconf 87' lang='lat' dir='ltr'>recentioris</span> <span class='ocrx_word' id='word_1_279' title='bbox 1318 2025 1556 2055; x_wconf 86' lang='lat' dir='ltr'>occurrentes.</span> <span class='ocrx_word' id='word_1_280' title='bbox 1579 2018 1745 2053; x_wconf 87' lang='lat' dir='ltr'>Profecto</span> 
     </span>
     <span class='ocr_line' id='line_1_31' title="bbox 247 2079 1747 2131; baseline -0.006 -10"><span class='ocrx_word' id='word_1_281' title='bbox 247 2099 331 2121; x_wconf 84' lang='lat' dir='ltr'>cum</span> <span class='ocrx_word' id='word_1_282' title='bbox 359 2086 575 2121; x_wconf 88' lang='lat' dir='ltr'>recentiores</span> <span class='ocrx_word' id='word_1_283' title='bbox 603 2085 674 2119; x_wconf 90' lang='lat' dir='ltr'>sint</span> <span class='ocrx_word' id='word_1_284' title='bbox 701 2084 770 2119; x_wconf 86' lang='lat' dir='ltr'>illae</span> <span class='ocrx_word' id='word_1_285' title='bbox 799 2083 1058 2131; x_wconf 87' lang='lat' dir='ltr'>depositiones,</span> <span class='ocrx_word' id='word_1_286' title='bbox 1087 2083 1237 2117; x_wconf 86' lang='lat' dir='ltr'>minime</span> <span class='ocrx_word' id='word_1_287' title='bbox 1265 2079 1472 2116; x_wconf 88' lang='lat' dir='ltr'>mirandum</span> <span class='ocrx_word' id='word_1_288' title='bbox 1499 2086 1569 2123; x_wconf 87' lang='lat' dir='ltr'>est,</span> <span class='ocrx_word' id='word_1_289' title='bbox 1599 2084 1747 2126; x_wconf 72' lang='lat' dir='ltr'>vegeta-</span> 
     </span>
     <span class='ocr_line' id='line_1_32' title="bbox 246 2140 1742 2192; baseline -0.005 -11"><span class='ocrx_word' id='word_1_290' title='bbox 246 2146 330 2181; x_wconf 84' lang='lat' dir='ltr'>bilia</span> <span class='ocrx_word' id='word_1_291' title='bbox 351 2146 390 2180; x_wconf 87' lang='lat' dir='ltr'>in</span> <span class='ocrx_word' id='word_1_292' title='bbox 412 2145 482 2181; x_wconf 73' lang='lat' dir='ltr'>illis</span> <span class='ocrx_word' id='word_1_293' title='bbox 503 2151 692 2181; x_wconf 76' lang='lat' dir='ltr'>structurae</span> <span class='ocrx_word' id='word_1_294' title='bbox 711 2145 859 2180; x_wconf 84' lang='lat' dir='ltr'>diversae</span> <span class='ocrx_word' id='word_1_295' title='bbox 883 2151 920 2180; x_wconf 88' lang='lat' dir='ltr'>et</span> <span class='ocrx_word' id='word_1_296' title='bbox 941 2145 1161 2179; x_wconf 87' lang='lat' dir='ltr'>familiarum</span> <span class='ocrx_word' id='word_1_297' title='bbox 1183 2157 1202 2178; x_wconf 88' lang='lat' dir='ltr'>a</span> <span class='ocrx_word' id='word_1_298' title='bbox 1225 2141 1403 2192; x_wconf 81' lang='lat' dir='ltr'>prioribus</span> <span class='ocrx_word' id='word_1_299' title='bbox 1427 2140 1648 2176; x_wconf 85' lang='lat' dir='ltr'>diversarum</span> <span class='ocrx_word' id='word_1_300' title='bbox 1668 2151 1742 2173; x_wconf 82' lang='lat' dir='ltr'>esse</span> 
     </span>
     <span class='ocr_line' id='line_1_33' title="bbox 248 2202 1745 2253; baseline -0.006 -12"><span class='ocrx_word' id='word_1_301' title='bbox 248 2213 464 2243; x_wconf 84' lang='lat' dir='ltr'>conservata.</span> <span class='ocrx_word' id='word_1_302' title='bbox 497 2206 645 2253; x_wconf 87' lang='lat' dir='ltr'>Semper</span> <span class='ocrx_word' id='word_1_303' title='bbox 677 2205 774 2240; x_wconf 91' lang='lat' dir='ltr'>enim</span> <span class='ocrx_word' id='word_1_304' title='bbox 809 2205 1000 2240; x_wconf 86' lang='lat' dir='ltr'>imminuta</span> <span class='ocrx_word' id='word_1_305' title='bbox 1031 2204 1104 2239; x_wconf 85' lang='lat' dir='ltr'>fuit</span> <span class='ocrx_word' id='word_1_306' title='bbox 1137 2203 1232 2252; x_wconf 86' lang='lat' dir='ltr'>globi</span> <span class='ocrx_word' id='word_1_307' title='bbox 1270 2202 1445 2237; x_wconf 86' lang='lat' dir='ltr'>terrestris</span> <span class='ocrx_word' id='word_1_308' title='bbox 1483 2206 1745 2248; x_wconf 69' lang='lat' dir='ltr'>temperatura,</span> 
     </span>
     <span class='ocr_line' id='line_1_34' title="bbox 248 2260 1749 2314; baseline -0.007 -12"><span class='ocrx_word' id='word_1_309' title='bbox 248 2279 333 2302; x_wconf 86' lang='lat' dir='ltr'>cum</span> <span class='ocrx_word' id='word_1_310' title='bbox 357 2279 428 2314; x_wconf 89' lang='lat' dir='ltr'>quo</span> <span class='ocrx_word' id='word_1_311' title='bbox 452 2272 705 2314; x_wconf 84' lang='lat' dir='ltr'>temperaturae</span> <span class='ocrx_word' id='word_1_312' title='bbox 731 2265 960 2301; x_wconf 84' lang='lat' dir='ltr'>decremento</span> <span class='ocrx_word' id='word_1_313' title='bbox 982 2263 1268 2313; x_wconf 83' lang='lat' dir='ltr'>conjungebatur</span> <span class='ocrx_word' id='word_1_314' title='bbox 1293 2273 1470 2309; x_wconf 87' lang='lat' dir='ltr'>aquarum</span> <span class='ocrx_word' id='word_1_315' title='bbox 1493 2261 1530 2294; x_wconf 90' lang='lat' dir='ltr'>in</span> <span class='ocrx_word' id='word_1_316' title='bbox 1552 2260 1663 2307; x_wconf 87' lang='lat' dir='ltr'>ipsius</span> <span class='ocrx_word' id='word_1_317' title='bbox 1685 2271 1749 2293; x_wconf 86' lang='lat' dir='ltr'>su.-</span> 
     </span>
     <span class='ocr_line' id='line_1_35' title="bbox 246 2320 1747 2377; baseline -0.009 -13"><span class='ocrx_word' id='word_1_318' title='bbox 246 2329 392 2377; x_wconf 86' lang='lat' dir='ltr'>perficie</span> <span class='ocrx_word' id='word_1_319' title='bbox 416 2327 617 2363; x_wconf 87' lang='lat' dir='ltr'>descensus.</span> <span class='ocrx_word' id='word_1_320' title='bbox 642 2325 792 2376; x_wconf 87' lang='lat' dir='ltr'>Majores</span> <span class='ocrx_word' id='word_1_321' title='bbox 821 2325 971 2375; x_wconf 87' lang='lat' dir='ltr'>proinde</span> <span class='ocrx_word' id='word_1_322' title='bbox 995 2326 1157 2373; x_wconf 83' lang='lat' dir='ltr'>regiones</span> <span class='ocrx_word' id='word_1_323' title='bbox 1182 2322 1275 2370; x_wconf 68' lang='lat' dir='ltr'>aqua</span> <span class='ocrx_word' id='word_1_324' title='bbox 1302 2322 1350 2356; x_wconf 89' lang='lat' dir='ltr'>sic</span> <span class='ocrx_word' id='word_1_325' title='bbox 1376 2320 1636 2364; x_wconf 83' lang='lat' dir='ltr'>liberabantur,</span> <span class='ocrx_word' id='word_1_326' title='bbox 1668 2330 1747 2366; x_wconf 63' lang='lat' dir='ltr'>quae</span> 
     </span>
    </p>
   </div>
  </div>
 </body>
</html>
